2828 4968
242 413 309 486 aa
580 463 585 469 .
690 412 728 478 r.
761 411 902 480 mvn
1116 383 1307 488 etatae:

265 539 319 609 ibi
326 540 488 612 animum
489 555 620 630 parem
632 546 742 602 tantoe
747 535 924 628 potestati
931 553 1016 600 esse.
1033 526 1334 626 Approbantibus

265 647 419 732 cunctis,
433 645 550 742 primo
564 643 734 734 Quintius
749 641 927 713 abnuere:
941 656 992 729 et,
1004 640 1097 738 quid
1105 641 1174 710 sibi
1182 638 1332 724 vellent,

264 759 438 855 rogitare,
458 760 577 850 quise
596 769 702 822 aetate
722 767 854 822 exacta
874 767 984 821 tantce
1001 751 1224 822 dimicationi
1241 748 1335 842 obji-

266 881 393 941 cerent.
416 865 529 952 Dein,
547 887 660 959 quum
680 862 843 958 undique
862 862 944 959 plus
963 864 1000 932 in
1016 861 1079 932 illo
1093 861 1196 932 senili
1212 863 1335 932 animo

265 1003 343 1048 non
365 973 505 1046 consilii
525 971 655 1060 mod0,
676 971 866 1044 sedetiam
884 973 1026 1043 virtutis
1045 996 1140 1060 esse,
1161 997 1270 1068 quam
1296 975 1336 1042 in
1405 961 1406 978 ¹

266 1084 436 1159 omnibus
459 1083 534 1153 aliis
558 1081 738 1167 dicerent,
760 1080 1003 1176 laudibusque
1026 1080 1124 1152 haud
1147 1082 1337 1152 immeritis

268 1208 483 1283 onerarent,
502 1207 538 1263 et
562 1192 687 1262 consul
712 1190 803 1260 nihil
828 1192 1044 1278 remitteret;
1066 1206 1232 1290 precatus
1256 1207 1337 1262 tan·

268 1308 352 1380 dem
369 1305 456 1376 deos
474 1301 694 1373 immortales
711 1301 964 1389 Cincinnatus,
978 1325 1025 1372 ne
1040 1317 1206 1372 senectus
1221 1325 1285 1371 sua
1299 1301 1338 1368 in

268 1431 342 1488 tam
354 1413 503 1510 trepidis
509 1410 619 1482 rebus
633 1409 766 1481 damno
781 1409 994 1482 dedecorive
1003 1410 1211 1508 reipublicae
1226 1424 1337 1498 esset,
1406 1457 1407 1494 3

270 1522 424 1593 dictator
441 1544 461 1588 a
482 1519 630 1590 consule
654 1517 785 1589 dicitur
804 1546 812 1588 :
832 1519 909 1616 ipse
928 1519 1059 1591 deinde
1089 1524 1126 1592 C.
1148 1520 1340 1592 Servilium

270 1632 420 1704 Ahalam
438 1631 647 1726 magistrum
666 1631 831 1726 equitum
850 1628 947 1700 dicit.

319 1747 413 1814 XIV.
427 1748 576 1812 Postero
593 1739 667 1826 die,
684 1739 865 1837 dispositis
879 1740 1068 1837 praesidiis,
1085 1751 1221 1838 quum1
1235 1742 1272 1810 in
1290 1738 1340 1810 fo-

271 1877 354 1924 rum
365 1849 623 1940 descendisset,
641 1874 887 1946 conversaque
903 1853 941 1921 in
958 1876 1042 1922 eum
1059 1851 1163 1950 plebs
1179 1852 1341 1922 novitate

271 1963 346 2033 rei²
370 1984 410 2030 ac
433 1960 607 2030 miraculo
632 1973 742 2048 esset,
764 1975 800 2030 et
827 1960 999 2048 Maeliani,
1024 1975 1133 2058 atque
1162 1963 1239 2059 ipse
1265 1960 1342 2032 dur

273 2095 419 2160 eorum,
444 2073 482 2141 in
502 2097 539 2142 se
559 2072 737 2142 intentam
758 2072 831 2140 vim
851 2072 1106 2169 tanti'imperii
1127 2087 1342 2161 cernerent3

273 2197 438 2280 expertes
459 2182 693 2256 consiliorum
713 2183 835 2279 regni,
854 2189 919 2278 qui
936 2182 1125 2269 tumultus,
1147 2182 1250 2280 quod
1264 2182 1343 2253 bel·

274 2293 349 2364 lum
372 2317 500 2390 repens
510 2347 521 2380 ,
543 2310 607 2364 aut
631 2293 858 2364 dictatoriam
877 2294 1120 2388 rnajestotem,
1138 2309 1205 2363 out
1226 2297 1344 2386 Quin-

274 2412 362 2476 tium
383 2421 470 2503 post
494 2411 748 2504 octogesimum
774 2419 914 2476 annum
940 2420 1109 2476 rectorem
1134 2402 1345 2502 remublicae

275 2521 477 2613 quaesisset,
503 2517 721 2612 rogitarent3
743 2515 873 2584 missus
899 2511 944 2583 ab
971 2512 1145 2584 dictatore
1171 2514 1345 2584 Servilius

275 2625 443 2720 magister
454 2625 620 2718 equitum
634 2623 678 2692 ad
693 2623 868 2709 Maelium,
885 2637 995 2692 vocat
1006 2639 1054 2708 te,
1069 2623 1209 2718 inquit,
1226 2623 1347 2694 dicta·

277 2749 343 2805 tor.
362 2737 484 2824 Quum
502 2731 653 2830 pavidus
670 2732 748 2821 ille,
769 2733 864 2831 quid
877 2731 1001 2818 vellet,
1024 2747 1220 2828 quaereret3
1235 2734 1349 2804 Servi-

263 2845 419 2940 liusque
440 2867 590 2912 causam
614 2842 805 2912 dicendam
832 2867 907 2914 esse
931 2857 1171 2940 proponeret,
1194 2848 1348 2912 crimen-

278 2981 365 3054 que,
379 2981 403 3025 c
413 2959 576 3025 Minucio
591 2953 753 3024 delatum
763 2952 1002 3035 adsecutum,
1016 2951 1246 3038 diluendum
1257 2966 1351 3022 tunc

277 3065 414 3138 Maelius
435 3065 596 3162 recipere
618 3089 656 3134 se
676 3066 714 3133 in
737 3078 914 3135 catervam
938 3087 1105 3152 suorum3
1130 3078 1165 3134 et
1188 3065 1350 3161 primum

279 3179 598 3272 circumspectans,
617 3177 863 3272 tergiversari:
885 3187 1089 3272 postremo,
1105 3199 1220 3271 quum
1235 3198 1352 3272 appa·

278 3287 368 3356 ritor
384 3285 488 3379 jussu
510 3286 672 3383 magistri
694 3285 858 3382 equitum
883 3281 1051 3372 duceret,
1071 3299 1216 3382 ereptus
1234 3310 1254 3354 a
1276 3286 1352 3355 cir-

281 3393 563 3484 cumstantibus,
587 3393 822 3492 fugiensque,
841 3393 950 3465 fidem
971 3393 1087 3492 plebis
1104 3420 1262 3466 romanae
1281 3397 1352 3466 im-

281 3505 443 3604 plorare:
460 3519 496 3574 et
513 3506 670 3602 opprimi
686 3531 723 3576 se
737 3529 915 3576 consensu
931 3511 1077 3576 Patrum
1096 3505 1234 3594 dicere,
1247 3505 1356 3602 quod

281 3613 381 3714 plebi
396 3611 554 3712 benigne
576 3611 734 3686 fecisset:
754 3639 875 3704 orare,
893 3630 935 3687 ut
951 3640 1059 3712 opem
1077 3613 1145 3684 sibi
1165 3615 1295 3685 ultimo
1314 3619 1356 3685 in
1409 3689 1410 3698 ,

282 3725 489 3797 discrimine
515 3723 669 3834 ferrent,
689 3750 780 3797 neve
805 3740 888 3797 ante
915 3725 1040 3796 oculos
1068 3749 1151 3796 suos
1180 3725 1358 3796 trucidari
1409 3721 1410 3726 ’

317 3929 379 3980 Car.
392 3931 462 3978 xlv.
482 3946 503 3978 1.
525 3932 604 3993 Quum
618 3931 642 3977 in
651 3930 737 3996 scarum
755 3932 797 3979 de·
841 3949 886 3980 nee
896 3931 1022 3988 cumulus,
1037 3947 1083 3979 nec
1091 3933 1178 3980 bellum
1186 3947 1269 3996 repens
1275 3931 1358 3978 dicta·
1372 3927 1378 3940 ⁹

286 4009 423 4066 scendisset,
433 4027 457 4056 v.
467 4010 498 4056 ad
510 4013 548 4068 11,
559 4011 574 4057 5
577 4018 605 4070 t,
617 4027 642 4058 n.
657 4011 797 4060 13.-Con·
842 4011 929 4058 coriam
943 4010 1092 4075 majestatem
1104 4023 1234 4074 quereret,
1246 4011 1360 4076 require·

289 4100 416 4148 versaqu03
428 4104 475 4150 que
488 4088 556 4136 abest
567 4106 581 4136 a
595 4090 694 4137 nostris.
708 4093 752 4138 En.
843 4101 891 4146 ret,
901 4089 1183 4154 exigeret-Expertes,
1196 4089 1287 4153 ignari,
1298 4105 1361 4135 con-

323 4179 349 4212 a.
362 4166 476 4214 Novitate
485 4167 562 4216 raiae
575 4168 706 4224 miraculo,
723 4185 799 4233 quum
843 4167 950 4217 tiliorum
962 4168 1031 4235 regni
1038 4204 1046 4229 ,
1061 4169 1171 4218 aMaelio
1182 4169 1339 4234 agitatorum.
1409 4179 1410 4182 ’

1408 4289 1410 4384 l
