2828 4968
257 443 295 524 Δ,

684 435 723 505 Τ.
757 437 901 507 LIVII

296 559 490 640 precantibus.
502 585 542 602 -
554 561 665 628 XLIII;
681 553 768 634 AEqui¹
783 578 800 616 a
816 557 908 617 Fabio
924 557 989 614 fusi.
1007 560 1176 635 Interregna
1189 562 1327 618 certami-

295 674 390 731 naque
407 651 558 708 consulum
572 663 602 708 et
616 649 799 709 tribunorum
813 653 868 730 pl.,
882 650 938 708 illis
952 647 1146 727 flagitantibus
1152 681 1165 723 ,·
1173 665 1205 710 ut
1219 667 1327 731 praeter

296 749 369 806 duos
380 744 508 803 urbanos
521 756 677 821 quaestores
692 744 751 802 duo
765 744 821 803 sibi
836 745 872 803 ad
886 745 1045 822 ministeria
1056 743 1126 802 belli
1136 759 1241 823 praesto
1253 749 1326 820 sint3

293 839 354 911 his,
373 851 406 895 ut
431 857 499 915 pars
522 849 698 914 quaestorum
722 837 864 916 explebe
885 839 942 896 liat.
968 843 1118 896 Postremo
1141 845 1173 897 L.
1193 842 1328 918 Papirius

294 932 470 1009 Mugillanus
492 931 620 988 interrex
640 930 737 988 medio
760 932 879 990 consilio
900 933 1018 1010 copulat
1036 932 1237 1005 concordiam,
1255 953 1325 991 sua-

294 1024 382 1096 dens,
397 1036 429 1081 ut
445 1043 476 1080 ιν
492 1037 649 1100 quaestores
665 1024 829 1101 promiscue
846 1023 882 1082 de
898 1024 985 1102 plebe
1000 1043 1033 1082 ac
1048 1024 1183 1083 Patribus
1198 1027 1268 1083 liant
1285 1028 1325 1083 li-

294 1117 366 1175 bero
382 1117 485 1195 populi
501 1117 648 1194 suffragio.
657 1121 814 1190 -XLIV3
827 1123 991 1190 Quaestores
1007 1131 1141 1176 creantur
1155 1138 1256 1176 omnes
1270 1139 1326 1196 pa-

294 1209 385 1280 tricii,
404 1208 520 1266 comitia
538 1227 639 1266 eorum
654 1208 780 1267 habente
797 1215 832 1268 A.
851 1211 1024 1289 Sempronio
1042 1212 1191 1283 Atratino,
1208 1212 1328 1270 tribuno

294 1302 354 1359 mil.
368 1321 446 1360 cons.
459 1314 520 1380 pot.
538 1301 613 1359 Hinc
629 1303 673 1359 ira
689 1299 874 1361 tribunorum
892 1305 1076 1382 plsllectitur
1090 1305 1120 1362 in
1137 1309 1168 1363 C.
1184 1309 1326 1384 Sempro-

297 1395 394 1466 nium,
411 1395 572 1472 patruelem
592 1394 735 1467 Atratini,
752 1396 802 1472 qui
815 1409 965 1454 accusatur
978 1397 1097 1469 iterum,
1117 1409 1146 1454 et
1161 1397 1326 1456 damnatur.

295 1488 456 1560 Postumia,
469 1489 552 1566 virgo
566 1487 703 1559 Vestalis,
716 1507 766 1546 rea
780 1502 902 1567 propter
914 1491 1023 1548 cultum
1039 1489 1224 1548 amoeniorem
1234 1491 1325 1567 inge-

294 1585 432 1662 niumque
453 1583 587 1654 liberius,
605 1603 691 1660 quam
713 1585 854 1662 virginem
876 1585 984 1643 deceat.
1012 1589 1109 1644 Cumae
1132 1605 1149 1642 a
1171 1585 1327 1662 Campanis

293 1690 394 1754 captae.
410 1709 448 1720 -
462 1679 561 1747 XLV3
579 1674 748 1751 Conjuratio
773 1695 924 1735 servorum
947 1697 1093 1755 oppressa.
1119 1677 1232 1734 Bellum
1259 1697 1326 1736 cum

186 1789 192 1802 ¹
292 1770 393 1846 AEquis
413 1781 442 1826 et
464 1768 622 1827 Lavicanis.
644 1768 870 1828 Altercationem
892 1769 1075 1828 tribunorum
1094 1771 1152 1828 mil.
1169 1789 1248 1828 cons.
1263 1784 1325 1848 pot.

293 1881 419 1938 quorum
439 1881 525 1919 nemo
546 1859 622 1920 Urbi
643 1881 767 1938 praeesse
788 1865 867 1934 vult,
886 1869 923 1936 Q.
944 1865 1083 1924 Servilius
1101 1861 1210 1921 dirimit
1231 1864 1327 1940 patria

294 1955 451 2032 majestate.
463 1959 625 2024 -XLV13
642 1955 806 2012 Certamina
828 1955 935 2012 ducum
956 1975 1028 2012 rom.
1050 1955 1142 2013 multo
1160 1943 1275 2031 'majora
1296 1955 1327 2012 in

294 2049 411 2120 castris,
429 2067 516 2125 quam
536 2047 567 2103 in
587 2045 678 2105 Urbe.
694 2047 868 2106 Funduntur
886 2046 923 2104 ab
942 2047 1057 2123 AEquis3
1075 2059 1103 2102 et
1122 2059 1242 2122 postero
1262 2047 1325 2119 die,

294 2141 393 2202 castris
405 2141 540 2212 desertis,
550 2140 708 2198 Tusculum
719 2141 896 2217 confugiunt.
911 2145 946 2212 Q.
959 2140 1098 2198 Servilius
1111 2139 1223 2197 Priscus
1237 2160 1255 2196 a
1266 2141 1325 2198 lilio

292 2254 345 2292 suo
360 2238 392 2293 C.
409 2233 532 2294 Servilio
548 2231 685 2304 dictator,
697 2245 727 2289 et
740 2233 788 2290 hic
806 2232 842 2290 ab
860 2253 895 2290 eo
909 2233 1045 2310 magister
1061 2231 1192 2308 equitum
1207 2232 1324 2290 dicitur.

292 2331 464 2399 -XLVII;
481 2326 578 2407 Vincit
589 2329 699 2403 AEquos
710 2338 740 2383 et
750 2327 873 2386 Laricos
888 2338 1048 2404 expugnat:
1067 2343 1125 2402 quo
1140 2326 1255 2384 colonia
1270 2327 1324 2384 de-

292 2420 417 2478 ducitur.
436 2453 475 2466 —
491 2423 634 2492 XLVII13
653 2419 752 2497 Spurii
775 2419 917 2478 Maecilius
941 2419 1127 2495 Metiliusque
1151 2417 1261 2476 tribuni
1283 2421 1324 2497 pl.

293 2514 475 2590 promulgata
486 2513 548 2587 lege
561 2511 674 2588 agraria
684 2511 785 2568 turbas
795 2513 936 2568 excitant:
949 2511 1000 2567 sed
1012 2516 1125 2582 Patres,
1137 2521 1253 2567 auctore
1264 2516 1322 2588 Ap.

293 2605 432 2674 Claudio,
449 2616 555 2679 nepote
576 2602 749 2673 decemviri,
766 2603 890 2680 collegas
911 2622 1013 2660 eorum
1034 2603 1070 2660 ad
1092 2602 1324 2660 intercessionem

244 2685 246 2690 ¹
294 2698 638 2772 comparant.—XLIX;
652 2693 730 2750 Bolae
745 2692 789 2750 bis
807 2695 975 2771 capiuntur,
991 2707 1020 2752 et
1036 2699 1076 2752 M.
1090 2695 1252 2752 Postumius
1263 2699 1324 2753 Re—

295 2787 421 2864 gillensis
429 2830 437 2858 ,
455 2785 589 2842 tribunus
603 2785 662 2841 mil.
680 2805 757 2842 cons.
773 2797 834 2863 pot.
842 2830 851 2860 ,
863 2787 1020 2844 exercitum
1032 2786 1131 2865 praeda
1146 2787 1173 2843 ei
1185 2785 1325 2863 promissa

295 2879 417 2937 fraudat.
436 2878 533 2950 Idem,
550 2877 586 2936 ab
603 2878 720 2955 collegis
736 2890 858 2956 propter
877 2880 1031 2938 seditiones
1048 2879 1211 2937 tribunitius
1227 2896 1325 2935 arces-

296 2973 380 3044 situs,
396 2973 427 3029 iu
440 2965 580 3028 concione
594 2971 711 3048 populi,
726 2976 759 3028 L.
772 2972 871 3031 Sextio
889 2971 957 3030 trib.
973 2970 1066 3050 plebis
1087 2971 1266 3048 rogationem
1289 2968 1325 3026 de

297 3064 407 3122 colonis
422 3063 505 3120 Bolas
527 3061 673 3119 mittendis
690 3061 786 3120 denuo
803 3064 931 3122 laturum
952 3083 982 3121 se
1005 3064 1176 3141 profitente:
1195 3063 1325 3120 «malum

295 3155 413 3234 quidem
423 3154 561 3213 militibus
573 3155 660 3224 meis,
676 3155 785 3232 inquit,
802 3156 857 3212 nisi
870 3156 1043 3232 quieverint.
1057 3182 1069 3207 υ
1083 3161 1178 3227 Quam
1191 3155 1326 3213 stolidam

295 3249 539 3325 inhumanamque
555 3267 657 3306 rocem
675 3247 778 3305 acerbe
794 3246 1065 3325 increpat'Sextius.
1076 3279 1114 3290 -
1126 3253 1167 3319 L;
1184 3246 1256 3306 Inde
1275 3261 1324 3304 tu—

220 3403 223 3407 ,
297 3343 403 3398 multus
416 3341 447 3396 in
461 3341 577 3412 castris,
594 3339 645 3398 ubi
660 3341 822 3408 Postumius
837 3339 1003 3397 crudelibus
1017 3341 1164 3418 suppliciis
1179 3342 1325 3418 asperiora

297 3435 365 3492 facit
378 3434 491 3506 omnia,
511 3447 539 3490 et
554 3445 700 3511 postremo
718 3432 754 3490 ab
774 3432 902 3490 exercitu
918 3451 970 3489 suo
988 3432 1132 3509 lapidibus
1149 3435 1324 3510 cooperitur.

297 3525 461 3585 Certamina
476 3527 506 3583 in
517 3525 612 3596 Urbe,
625 3537 653 3581 et
666 3525 871 3601 interregnum.
879 3555 918 3568 -
926 3527 980 3595 L1;
995 3524 1122 3596 Quaestio
1133 3525 1326 3582 Postumianae

298 3619 383 3678 caedis
400 3618 553 3677 mandatur
570 3617 751 3688 consulibus,
773 3615 823 3693 qui
837 3636 947 3676 summa
964 3616 1161 3675 moderatione
1176 3635 1230 3692 per
1248 3636 1324 3694 pau-

298 3733 398 3773 corum
414 3712 589 3791 supplicium
610 3730 672 3767 rem
689 3709 858 3786 transigunt.
877 3711 962 3770 Plebs
977 3724 1073 3768 tamen
1088 3709 1234 3785 aegerrime
1254 3711 1326 3778 fert,

298 3809 374 3885 leges
398 3805 434 3863 de
458 3803 606 3882 suppliciis
631 3802 689 3860 suis
708 3804 779 3860 latas
802 3804 953 3862 confestim
976 3802 1120 3872 exerceri,
1140 3802 1267 3877 aliasque
1288 3799 1325 3858 de

299 3897 456 3955 commodis
472 3896 544 3967 suis,
559 3894 595 3952 de
612 3914 681 3972 agro
698 3894 805 3952 bolano
823 3909 852 3954 et
869 3895 1000 3972 inprimis
1016 3893 1134 3972 publico
1150 3891 1325 3964 dividendo,

299 3990 494 4066 promulgatas
510 4002 568 4046 tam
584 3988 634 4046 diu
650 3988 746 4046 irritas
757 3987 862 4064 jacere.
880 3987 1064 4044 Ferentinum
1081 3987 1325 4063 captum-LII3

300 4086 332 4138 L.
347 4082 441 4139 icilius
459 4081 525 4138 trib.
544 4081 582 4158 pl.
598 4079 753 4140 seditiones
769 4081 824 4137 ciet
838 4079 955 4155 agrariis
970 4079 1081 4156 legibus
1096 4076 1323 4158 promulgandis.

299 4173 389 4232 Pestis
401 4185 430 4230 et
441 4173 540 4250 iuopia
553 4173 676 4250 frugum.
685 4205 724 4220 -
736 4175 817 4242 LIII,
830 4171 998 4245 Delectum,
1012 4169 1152 4230 indictum
1164 4169 1202 4230 ob
1215 4168 1325 4227 bellum
