2828 4968
277 455 321 529 56
703 461 740 528 r.
774 458 912 526 Ltvu
1191 437 1314 546 ltili:

273 593 536 668 memorantes,
552 576 755 677 siquidem⁵
768 581 848 675 cogi
864 576 999 674 aliquid
1014 601 1083 673 pro
1098 591 1278 674 potestate
1296 579 1339 650 ab

271 686 423 759 tribuno
438 689 623 775 consules,
638 703 674 760 et
691 688 780 785 (quo
795 686 885 784 quid
896 687 1047 758 ulterius
1059 691 1198 784 privato
1212 690 1339 760 timeu-

274 796 362 868 dunr
378 795 515 890 forcti)
536 801 575 868 iu
595 799 739 870 vincula
758 799 865 884 etiam
891 796 976 868 duci
999 813 1156 894 possent.
1176 802 1282 888 SorS,
1301 814 1340 870 ut

274 905 489 978 dictatorem
506 908 660 996 diceret,
677 933 762 978 uam
778 933 825 978 ne
848 906 886 978 id
906 906 1054 1003 quidem
1076 909 1171 980 inter
1187 908 1340 1006 collegas

274 1031 510 1108 convenerat,
528 1023 567 1088 T.
591 1019 744 1107 Quintio
764 1018 906 1088 evenit:
927 1019 957 1086 is
974 1021 1013 1086 A.
1029 1019 1255 1092 Postumium
1269 1024 1340 1089 Tu-

272 1122 438 1211 bertum,
466 1151 632 1208 socerum
658 1151 784 1211 suum,
805 1127 1017 1198 severissimi
1040 1129 1182 1224 imperii
1204 1118 1339 1216 ¹viruru,

273 1235 487 1306 dictatorern
505 1237 594 1308 dixit
606 1265 614 1308 :
626 1236 672 1316 ab
690 1261 734 1306 eo
748 1241 787 1308 L.
804 1236 919 1326 Julius
932 1237 1101 1333 magister
1111 1237 1278 1332 equiturn
1289 1252 1340 1308 est

273 1344 411 1416 dictus:
432 1343 564 1432 εὶιιιιιΙ6
583 1345 736 1436 edicitur
748 1361 784 1416 et
795 1348 996 1441 justitium:
1016 1371 1136 1442 neque
1153 1347 1252 1418 aliud
1266 1363 1340 1418 tota

273 1453 365 1540 urbe
374 1457 430 1550 agi
441 1509 451 1542 ,
464 1480 573 1552 quam
589 1455 727 1526 bellum
743 1458 927 1552 apparari:
943 1458 1101 1552 cognitio
1114 1467 1125 1511 ⁷
1136 1459 1340 1544 vacantium

272 1565 408 1634 militiae
425 1590 578 1636 munere
600 1580 682 1663 post
700 1565 838 1636 bellum
860 1564 1046 1636 differtur:
1065 1567 1113 1657 ita
1134 1565 1237 1636 dubii
1253 1592 1340 1664 quo-

273 1699 346 1769 que
358 1659 533 1760 inclinant
546 1675 589 1746 ad
602 1679 751 1748 nomina
763 1676 898 1760 danda:
912 1691 948 1746 et
960 1676 1123 1764 Hernicis
1132 1676 1339 1772 Latinisque

272 1789 782 1889 militesimperatizutrimque
791 1793 895 1860 enixe
904 1789 1092 1862 obeditum
1101 1789 1269 1860 dictatori
1277 1803 1337 1860 est.

320 1904 464 1970 XXVII.
481 1907 563 1970 Haec
580 1902 702 1970 omnia
716 1900 898 1996 celeritate
919 1901 1056 1997 ingenti
1074 1914 1175 1970 acta:
1195 1899 1339 1986 relicto-

274 2035 346 2106 que
374 2015 412 2081 C.
427 2010 522 2080 Julio
539 2011 687 2082 consule
704 2011 749 2080 ad
773 2010 977 2106 praesidium
999 2010 1122 2098 urbis,
1139 2024 1175 2080 et
1192 2014 1232 2080 L.
1247 2009 1338 2080 Iulio

271 2121 443 2216 magistro
463 2123 628 2218 equiturn
646 2121 690 2190 ad
712 2118 850 2212 subite¹
867 2119 955 2208 belli
971 2121 1187 2212 ministeria,
1204 2145 1253 2206 ne
1270 2145 1339 2216 qua

307 2317 330 2373 3.
349 2322 471 2390 Siquidem
488 2325 543 2396 cogi
561 2326 659 2392 aliquid
675 2327 782 2374 consules
826 2325 916 2396 bantur
925 2324 1097 2392 caruerii(VI,
1108 2325 1136 2383 6,
1147 2341 1172 2372 u.
1183 2324 1222 2389 Ι),
1232 2323 1338 2371 utnobis

264 2417 379 2467 possent,
396 2417 422 2452 ut
433 2423 532 2470 rogare,
546 2407 647 2463 docere,
656 2407 784 2470 postulare
827 2405 962 2453 Invaliden.
974 2403 1066 2454 Confer
1075 2405 1105 2451 de
1115 2403 1227 2450 missione
1236 2400 1338 2449 militum

269 2483 376 2546 aliquem
389 2483 486 2547 aliquid
490 2503 501 2540 ,·
515 2486 606 2536 Stroth.
625 2487 720 2532 Omissa
737 2500 782 2547 po·
827 2485 859 2536 ad
869 2487 932 2542 VII,
947 2486 993 2546 39,
1006 2501 1031 2530 n.
1049 2500 1071 2532 ι.
1086 2482 1135 2537 Sed
1147 2495 1337 2543 nonnunquam,

268 2561 318 2622 tius
331 2577 436 2630 praepos.
451 2563 500 2619 ad,
517 2574 543 2610 ut
557 2565 660 2626 passim,
679 2574 703 2609 et
717 2563 794 2620 forte,
827 2564 892 2626 inpr.
906 2564 933 2609 in
946 2563 1053 2610 tumultu
1066 2561 1076 2624 (
1087 2561 1143 2608 vide
1156 2560 1187 2606 ad
1201 2561 1242 2617 ΙΙ,
1259 2560 1302 2618 26,
1314 2575 1338 2605 ιι,

269 2639 342 2686 etiam
350 2639 508 2684 inlocutIone
516 2639 601 2703 eogere
610 2641 721 2686 militiam
730 2651 782 2686 not.
831 2639 868 2702 1),
879 2641 946 2686 nulla
958 2637 1091 2688 secationis
1103 2639 1173 2685 venia
1185 2634 1302 2696 dabatur3
1315 2654 1337 2683 v.

270 2728 300 2774 ις
311 2733 334 2762 v.
344 2718 426 2762 Burm.
441 2715 473 2762 ad
483 2715 553 2779 Virg.
563 2719 619 2764 AEn.
633 2719 685 2774 III,
701 2717 783 2764 56.-
827 2719 892 2775 VII,
906 2719 953 2776 all,
965 2729 989 2766 et
997 2721 1076 2777 ,vt11,
1089 2733 1131 2765 ao.
1149 2717 1243 2766 Confer
1258 2717 1337 2779 Sigon.

268 2799 318 2843 Pro
326 2804 460 2857 potestate,
473 2793 529 2841 ride
540 2794 572 2840 ad
581 2798 619 2852 ΙΙ,
632 2811 655 2854 7,
667 2811 692 2841 ιι.
706 2803 729 2850 4.
813 2855 816 2864 Δ
828 2807 878 2844 aut.
887 2797 936 2856 jur.
945 2798 992 2845 civ.
1002 2800 1074 2846 Rom.
1083 2800 1107 2854 Ι,
1125 2796 1166 2853 ι5,
1178 2807 1203 2842 et
1213 2795 1281 2859 Lips.
1291 2795 1338 2842 mil.

225 2931 231 2943 .
305 2873 329 2919 6.
343 2871 420 2918 Simul
427 2870 530 2917 edicitur
532 2871 670 2935 justitium,
686 2872 743 2918 vide
752 2873 783 2920 ad
827 2877 899 2922 Rom.
914 2877 940 2933 1,
951 2884 979 2934 43
989 2893 1002 2922 e
1014 2877 1067 2921 Liv.
1081 2877 1187 2932 XXIII,
1197 2889 1246 2933 ao;
1261 2875 1337 2923 Cicer.

268 2954 323 3010 III,
340 2952 366 3007 3,
381 2967 406 2996 n.
424 2965 450 3008 1,
462 2951 487 2996 et
500 2949 603 3009 XXXI,
615 2957 662 3013 49,
676 2967 701 2998 n.
716 2951 739 2999 5.
827 2946 889 3000 Phil.
899 2951 937 3011 ΙΙ,
956 2955 1000 3014 ι’9,
1015 2965 1039 3000 et
1052 2953 1109 3000 Nat.
1124 2953 1242 3000 Deorum.
1258 2955 1298 3010 II,
1315 2967 1338 2998 a.

302 3043 329 3090 7.
344 3028 455 3093 Cognitis
468 3028 613 3076 vacantium
625 3029 718 3076 militioe
729 3046 781 3076 mu·
828 3031 949 3080 Caeterum
958 3032 1007 3078 ulio
1016 3047 1088 3078 seusu
1098 3043 1196 3077 munere
1204 3047 1299 3078 vacare
1309 3031 1340 3078 di·

266 3125 336 3166 uere,
348 3123 485 3172 causarum,
498 3123 541 3166 cur
553 3109 607 3170 quis
617 3107 684 3154 haud
695 3123 781 3155 nomen
827 3110 891 3158 citur
902 3111 986 3171 xxv,
1003 3127 1027 3170 7,
1039 3127 1064 3157 n.
1079 3111 1103 3158 3.
1117 3111 1177 3156 Haeo
1189 3121 1226 3157 est
1239 3109 1339 3175 rfaeatio

266 3179 383 3242 dedisset,
396 3185 436 3233 vel
447 3176 741 3247 militiam'detrectassen
755 3204 780 3235 v.
826 3205 952 3236 munerum
964 3189 1123 3236 castrensium
1135 3179 1174 3234 vel
1187 3205 1292 3252 operum
1307 3187 1339 3235 la·

265 3266 298 3313 ad
310 3267 363 3322 111,
378 3266 425 3325 69,
439 3281 463 3310 n.
479 3265 505 3312 6.
521 3262 624 3312 Varatio
637 3265 731 3313 militiae
744 3275 781 3313 est
825 3267 963 3330 horumque
975 3266 1117 3314 militarium
1130 3277 1199 3315 extra
1215 3275 1339 3331 pugnam,

264 3344 378 3392 liberatio
399 3343 430 3390 ab
449 3359 490 3402 ea,
510 3355 534 3390 et
551 3345 623 3410 justae
639 3343 780 3392 vacationis
825 3361 850 3394 v.
873 3362 895 3394 o.
918 3344 1093 3402 excubiarum,
1110 3345 1264 3408 vigiliarum,
1285 3345 1339 3392 valli

264 3439 344 3470 cause
355 3434 425 3470 erent
435 3423 473 3470 vel
483 3431 540 3468 aetas
550 3420 622 3482 (vide
632 3421 664 3469 ad
675 3425 726 3480 III,
738 3422 779 3482 57,
824 3411 948 3480 struendi,
957 3409 1108 3486 lignationis,
1114 3425 1264 3488 aquationis,
1270 3426 1340 3472 fosete

263 3517 290 3550 n.
304 3501 333 3561 53
344 3504 429 3560 XLII,
443 3502 489 3564 33,
500 3517 526 3548 u.
540 3508 568 3559 43
577 3503 661 3558 XLII,
675 3500 731 3565 34),
741 3501 779 3548 vel
825 3501 956 3560 ducendae,
966 3513 1012 3549 etc.
1023 3518 1077 3566 quae
1087 3504 1227 3550 vacationes
1235 3504 1275 3550 vel
1283 3519 1341 3568 prte-

262 3579 411 3628 beneficium
428 3579 501 3644 (vide
515 3580 646 3637 XXXIX,
664 3579 726 3644 19),
739 3581 779 3628 vel
824 3582 868 3628 mii
880 3581 1030 3644 honorisque
1044 3597 1114 3628 cause
1127 3582 1195 3642 dari,
1205 3582 1245 3630 vel
1257 3599 1272 3629 a
1286 3599 1340 3630 ceu·

263 3672 370 3724 quatuor
378 3659 467 3707 militet
482 3657 534 3704 dati
547 3655 619 3724 (vide
633 3658 717 3716 XLII,
732 3661 778 3717 34,
824 3661 963 3708 tutioribus
981 3660 1085 3725 pecunia
1103 3661 1191 3708 redimi
1212 3660 1339 3720 solebant;

261 3755 288 3787 n.
300 3739 344 3804 8),
353 3739 392 3785 vel
401 3738 496 3794 honos,
505 3736 657 3799 magistratus
667 3748 691 3784 et
702 3753 777 3784 sucer—
824 3739 881 3786 vide
894 3740 926 3786 ad
939 3739 1017 3788 Tacit.
1030 3739 1120 3786 Annal.
1133 3741 1159 3798 1,
1176 3755 1217 3798 17,
1233 3740 1258 3788 5.

261 3817 343 3877 dotia,
353 3817 393 3865 vel
403 3816 503 3864 emerita
512 3814 648 3884 stipendia,
659 3815 698 3862 vel
710 3832 775 3864 mor·
834 3871 839 3880 ι
857 3820 917 3867 cn».
930 3818 1040 3864 XXVII.
1054 3817 1127 3866 1.Ad
1134 3817 1216 3865 subita
1229 3819 1288 3867 belli
1297 3817 1340 3866 mi·

260 3895 321 3954 bus,
331 3897 371 3944 vel
379 3896 466 3950 vitium
475 3895 595 3958 corporis.
606 3894 696 3942 Coloni
703 3896 775 3944 etiarn
821 3896 931 3953 nisteria,
941 3895 972 3942 ad
980 3911 1007 3942 ea
1014 3895 1130 3952 curanda,
1139 3909 1205 3958 quae,
1213 3882 1339 3944 incidente

261 3975 377 4022 maritimi
394 3985 577 4022 sacrosanctam
597 3973 673 4038 (vide
689 3973 721 4020 ad
735 3977 775 4033 II,
820 3975 903 4038 aliquo
918 3990 979 4036 casu,
990 3973 1056 4024 haud
1070 3975 1185 4040 proviso,
1200 3976 1336 4023 necessaria

261 4055 330 4118 8,'n.
347 4051 376 4115 3)
395 4051 553 4100 vacationem
572 4051 716 4101 dicebantur
735 4053 776 4100 bu·
821 4053 1018 4116 esseposseutad
1027 4052 1131 4112 bellum,
1144 4045 1341 4120 zurBesorguug

258 4131 317 4178 bere
323 4132 439 4190 XXVII,
451 4133 491 4178 38.
503 4131 552 4193 Qui
562 4131 595 4178 ob
602 4133 693 4191 justam
704 4131 776 4178 talem
821 4129 1068 4194 unvorlrergeseltener
1089 4127 1273 4197 Erfhrdemisse
1298 4132 1338 4179 des

262 4223 360 4256 causam
375 4208 495 4258 immunes
513 4220 581 4258 erant
598 4209 697 4268 militia,
712 4209 776 4256 dIce-
820 4209 923 4273 Kriegs,·
936 4204 1028 4260 Stroth.
1044 4209 1116 4258 Conf.
1128 4207 1159 4258 ad
1172 4213 1198 4270 1,
1212 4220 1259 4269 41,
1270 4227 1295 4258 n.
1311 4210 1334 4255 5.
