2828 4968
107 467 293 570 tztztztt:
333 486 430 556 tin.
462 490 528 556 tv.
560 487 672 556 etr.
704 489 771 556 x1.
802 489 893 555 x11.
1098 505 1144 581 η

81 609 199 682 multu
223 607 368 680 redacta
392 606 438 683 ad
465 631 600 705 paucos
626 621 740 696 esset,
764 603 907 679 coioni³
923 628 968 678 eo
990 606 1145 703 praesidii

81 745 186 792 cansa
198 719 367 793 adversus
380 719 529 792 Volscos
547 718 801 793 scriberentur.
825 726 903 792 Hoc
916 718 1033 815 palam
1049 717 1145 790 rela-

82 847 161 902 tum
177 833 213 902 in
224 829 435 918 cabalaam
448 828 595 929 plebem
611 829 852 927 tribunosque
866 827 1003 902 falleret
1017 829 1144 923 judicii

81 940 308 1016 rescindendi
332 941 522 1014 consilium
550 941 708 1016 initum:
731 953 988 1013 consenserant
1008 950 1146 1028 autem,

81 1067 123 1124 ut
134 1106 144 1138 ‚
157 1051 269 1126 multo
287 1053 424 1148 majore
442 1066 544 1150 parte
561 1052 768 1124 rutulorum
785 1051 1020 1137 colonorum,
1036 1073 1147 1145 quam

82 1188 331 1253 romanorum,
344 1166 495 1261 scripta,
510 1188 579 1236 uec
599 1187 684 1261 ager
705 1163 800 1236 ullus
815 1160 1056 1248 divideretur,
1077 1161 1147 1232 nisi

82 1274 128 1361 is,
143 1275 204 1368 qui
219 1274 444 1370 interceptus
465 1273 602 1368 judicio
623 1273 748 1348 infami
766 1287 860 1356 erat;
880 1297 947 1342 nec
964 1272 1028 1344 ulli
1045 1272 1146 1367 prins

82 1389 242 1456 Romano
270 1383 343 1472 ibi,
364 1409 475 1482 quam
500 1384 670 1458 omuibus
695 1385 840 1458 Rutulis
863 1382 997 1456 divisus
1029 1396 1145 1470 esset,

81 1489 182 1586 gleba
201 1492 273 1564 ulla
292 1495 367 1589 agri
385 1495 646 1592 assignaretur:
668 1496 717 1568 sic
736 1519 821 1591 ager
836 1493 882 1566 ad
899 1493 1071 1566 Ardeates
1088 1517 1148 1564 re-

82 1600 154 1674 diit.
181 1604 373 1676 Triumviri
406 1604 452 1676 ad
487 1605 667 1678 coloniam
706 1603 860 1678 Ardeam
896 1601 1147 1676 deducendam

82 1713 189 1805 creati
196 1715 355 1812 Agrippa
366 1717 578 1802 Menenius,
589 1721 628 1788 T.
640 1716 789 1788 Cloelius
804 1715 960 1802 Siculus,
974 1720 1023 1786 M.
1035 1713 1145 1787 AEbu-

81 1824 152 1894 tius
179 1825 294 1923 Eira:
323 1828 408 1923 qui,
434 1851 501 1924 per
527 1827 676 1900 minime
704 1827 881 1924 populare
907 1825 1147 1898 ministerium

80 1958 165 2032 agro
183 1937 399 2034 assignando
417 1938 540 2027 sociis,
560 1963 671 2036 quem
683 1937 842 2036 populus
854 1959 1027 2010 romanus
1039 1959 1148 2008 sunm

81 2043 292 2138 judicasset,
306 2071 421 2142 quum
436 2047 581 2145 plebem
595 2047 848 2138 offendissent,
862 2074 909 2120 ne
926 2045 1148 2146 primoribus

81 2154 251 2251 quidem‘·
269 2161 415 2229 Patrum
437 2160 522 2230 satis
539 2161 695 2256 accepti,
713 2157 814 2256 quod
831 2157 922 2231 nihii
941 2158 1063 2255 gratiae
1081 2179 1146 2226 ou-

79 2265 247 2363 jusquarn
266 2267 463 2357 dederant3
482 2271 708 2356 vexationes,
726 2270 773 2340 ad
792 2269 971 2366 populum
991 2266 1065 2360 jam
1086 2263 1145 2334 die

82 2373 178 2446 dicta
195 2375 239 2447 ab
256 2375 433 2466 tribunis,
452 2378 574 2450 coloni
595 2378 765 2474 adscripti
783 2375 1007 2450 remanendo
1025 2376 1064 2446 in
1084 2397 1147 2446 co-

79 2485 194 2576 lonia,
207 2511 316 2584 quam
333 2503 464 2562 testem
479 2489 693 2586 integritatis
709 2488 929 2584 justitiaeque
946 2483 1146 2572 habebant,

80 2597 248 2669 vitavere.
1235 2674 1239 2680 .

126 2713 204 2779 XII.
226 2715 298 2780 Pax
319 2708 418 2780 domi
435 2707 596 2808 forisque
614 2709 701 2798 fuit,
719 2723 756 2781 et
774 2708 862 2797 hoc,
879 2721 916 2780 et
932 2709 1148 2802 insequente

79 2843 194 2903 anno,
209 2824 249 2890 C.
270 2821 377 2890 Furio
400 2821 537 2910 Pacilo,
557 2836 594 2894 et
611 2825 661 2892 M.
683 2821 824 2918 Papirio
842 2824 969 2890 Crasso
988 2815 1147 2888 consuli-

78 2926 159 3000 bus.
182 2927 292 3017 Ludi,
309 2927 354 2998 ab
377 2926 623 3017 decemviris1,
644 2953 711 3028 per
731 2930 969 3002 secessionem
989 2925 1107 3024 plebis
1127 2950 1148 2995 a

78 3037 263 3128 Patribus,
282 3064 327 3112 ex
341 3040 654 3112 senatusconsulto
670 3040 765 3128 voti,
782 3064 827 3110 eo
840 3062 939 3110 anno
952 3035 1037 3108 facti
1049 3049 1145 3106 sunt.

115 3225 140 3270 3.
156 3221 243 3271 Coloni
251 3237 280 3270 eo
290 3255 297 3270 .
306 3257 313 3271 .
321 3256 328 3270 .
336 3256 342 3270 .
351 3221 523 3282 emerentur,
533 3223 560 3272 b.
570 3239 591 3272 e.
630 3240 679 3289 per
688 3223 843 3272 mentonem
852 3223 931 3289 plebis
945 3239 963 3270 a
975 3221 1103 3279 Patribus,
1117 3236 1150 3270 ex

78 3301 592 3363 memmsmhendturvfltm.
635 3303 842 3352 mammantes
862 3303 933 3359 voti,
952 3319 981 3350 eo
1001 3317 1069 3350 mro
1079 3301 1149 3366 jacti

77 3381 190 3430 Coloniae
201 3397 254 3428 non
262 3396 347 3430 omnes
358 3381 456 3432 sumant
467 3383 592 3431 militares.
636 3393 700 3430 sunt.
717 3385 755 3429 Ita
768 3382 795 3429 in
807 3380 986 3430 recentioribus
1000 3379 1096 3430 excusis
1108 3379 1147 3430 itt·

116 3467 142 3516 4.
159 3461 199 3507 Ne
209 3459 358 3525 primoribus
374 3460 472 3524 quidem
488 3464 592 3510 Petrum
636 3460 806 3526 respargitur,
818 3461 885 3510 unde
898 3459 969 3523 sequi
979 3459 1149 3519 debet‚iudos

76 3539 340 3604 menecratum,
354 3539 593 3604 quodnikilgmtiae
637 3541 668 3589 ab
685 3539 830 3589 decemviris
850 3555 881 3588 eo
898 3554 964 3588 anno
983 3538 1060 3588 factos
1078 3550 1145 3597 esse3
1245 3601 1248 3608 Ι

77 3617 225 3683 cujusquam
238 3618 369 3676 dederant,
382 3617 451 3682 qnod
466 3618 494 3664 in
510 3617 592 3666 distri·
636 3635 711 3685 quum
726 3631 809 3670 tamen
826 3618 877 3668 hoe
894 3633 960 3666 anno
975 3616 1041 3664 'nulii
1057 3615 1148 3664 fuerint

78 3696 592 3762 buendisrgrirnnilinsauetoritntemsen
636 3699 777 3748 decemviri.
802 3699 894 3746 tta-tto
919 3697 994 3761 igitur
1019 3693 1149 3756 distinguit

78 3777 184 3840 gratiam
203 3777 300 3841 sequuti
317 3787 413 3837 essem,
425 3775 494 3824 bend
508 3776 593 3824 favore
635 3771 1151 3838 Drumbomh.,tudi‚atdeeemvtn·sper

79 3856 122 3902 vel
137 3855 243 3904 amicitis
258 3855 359 3918 alienius
378 3871 404 3903 se
420 3855 452 3904 ab
465 3855 533 3916 juno
550 3855 593 3903 ab-
636 3856 807 3913 secessionem,
824 3865 886 3913 ete„
903 3863 931 3900 ut
947 3850 1083 3908 indicetur,
1099 3849 1148 3900 hoe

79 3933 141 3982 duci
153 3935 220 3999 possi
232 3947 328 3994 esunt,
342 3933 435 3984 Stroth.
455 3935 547 3986 Confer
560 3934 592 3983 ad
637 3950 702 3982 anno
715 3935 793 3984 factos
805 3947 857 3981 erse
867 3931 952 3988 ludos,
962 3929 1018 3992 qui,
1028 3943 1078 3992 quo
1090 3939 1149 3980 ten-

80 4015 135 4073 111,
150 4013 199 4072 te,
211 4027 237 4062 n.
252 4013 402 4070 ite-Coloni
412 4013 544 4079 adrenpti,
556 4029 592 4062 se.
635 4028 697 4078 pore
705 4004 914 4078 plebssPatribns
921 4019 1065 4067 moereant,
1075 4011 1148 4058 σκαιὲ

80 4092 208 4156 veteribus
226 4093 329 4141 colonis.
346 4093 387 4142 Al.
403 4093 509 4150 coleris,
524 4092 593 4156 quod
636 4089 821 4140 normannico
832 4106 847 4138 a
857 4088 1001 4138 decemviris
1011 4089 1064 4137 voti
1070 4083 1158 4138 erant.

81 4171 179 4220 stettin·
191 4182 236 4221 est.
249 4175 285 4222 Aa
296 4171 364 4246 ωας.
375 4173 452 4231 VIII,
467 4179 513 4231 rt,
527 4187 554 4220 n.
568 4187 591 4232 ⁷·
637 4171 683 4220 Eo.
691 4173 740 4218 Per
746 4168 901 4218 acessionem
905 4167 985 4232 plebis
993 4186 1011 4216 a
1019 4167 1146 4222 Patribus,

118 4249 250 4302 Canxss.
272 4268 293 4302 ι.
312 4251 377 4302 tude·
390 4253 421 4300 ab
441 4250 589 4309 decemviris,
636 4248 888 4309 videad11‚18‚n.
905 4262 927 4295 r.
