2828 4968
121 417 244 522 llll
379 439 880 510 cinnamonum.
1123 441 1190 514 ιδ,

93 593 112 628 «
131 554 218 633 sunt
243 559 338 632 facta
360 561 398 630 in
425 585 521 630 novo
543 560 719 659 populo),
738 571 819 647 ea¹,
838 585 885 632 ne
909 561 939 630 si
960 559 1062 630 utilia
1084 564 1165 658 qui-

91 703 113 738 «
130 675 221 744 dem'
230 675 319 759 sint,
334 669 413 740 fieri
427 673 592 767 oportet?
607 669 816 758 Pontifices,
825 695 997 767 augures,
1012 674 1167 742 Romulo

93 813 112 848 «
127 797 306 880 regnante
316 836 325 870 ,
336 780 425 851 nulli
436 795 561 850 erant:
577 781 622 852 ab
632 785 750 853 Numa
759 781 936 878 Pompilio
945 783 1056 852 creati
1069 798 1165 854 sunt.

95 899 273 965 «Census
296 891 500 962 incivitate
525 905 561 962 et
588 891 782 988 descriptio
806 892 1051 962 centuriarum
1077 892 1166 964 clas-

96 1033 114 1068 «
132 992 303 1098 siumquc
318 1027 394 1072 non
412 1015 488 1072 erat
503 1027 510 1070 :
527 1000 573 1072 ab
587 1005 661 1072 Ser.
672 1001 790 1072 Tullio
805 1016 858 1072 est
873 1000 975 1072 sacta.
993 1003 1167 1074 Consules

95 1141 113 1175 «
131 1135 326 1208 nunquam
339 1109 483 1181 fuerant
495 1137 503 1178 :
516 1110 662 1208 regibus
676 1113 809 1182 exactis
823 1113 933 1182 creati
946 1125 1041 1182 sunt.
1053 1114 1168 1184 Dicta·

96 1251 114 1286 «
132 1223 224 1292 toris
240 1247 310 1292 nec
327 1223 541 1318 imperium,
557 1247 770 1294 necnomen
783 1221 920 1294 fuerat:
938 1223 1034 1321 apud
1049 1241 1168 1322 patres

96 1363 114 1397 «
132 1357 211 1404 esse
231 1333 352 1429 coepit.
368 1330 520 1404 Tribuni
533 1333 671 1430 plebis,
689 1333 826 1424 aediles,
844 1350 1056 1432 quaestores,
1076 1338 1169 1408 nulli

96 1473 114 1508 «
132 1457 255 1532 erant3
268 1443 475 1514 institutum
487 1457 557 1530 est,
573 1458 615 1514 ut
628 1443 769 1516 fierent.
785 1447 1016 1517 Decemviros
1029 1445 1169 1543 legibus

97 1583 115 1618 «
132 1551 334 1624 scribendis
348 1553 443 1624 intra
461 1553 586 1624 decem
603 1553 670 1628 hos
681 1576 797 1625 annos
809 1569 845 1626 et
864 1557 1084 1644 creavimus,
1099 1571 1134 1627 et
1149 1583 1169 1627 e

98 1693 115 1728 «
136 1661 328 1760 republica
336 1663 556 1736 sustulimus.
565 1666 654 1755 Quis
664 1663 822 1754 dubitat,
834 1667 936 1762 quin,
947 1668 986 1736 in
994 1681 1168 1737 aeternum

97 1802 115 1836 «
134 1771 230 1863 urbe
247 1771 414 1862 condita,
433 1775 472 1843 in
488 1775 706 1846 immensum
722 1789 926 1865 crescente,
944 1801 1038 1846 nova
1055 1778 1167 1875 impe-

99 1883 210 1972 «ria,
236 1882 454 1972 sacerdotia,
472 1883 554 1978 jura
586 1885 749 1982 gentium
774 1883 1040 1982 hominumque
1066 1888 1168 1957 insti-

99 2021 117 2056 «
137 1993 313 2062 tuantur?
330 1999 407 2063 Hoc
429 1994 568 2089 ipsum,
587 2020 634 2065 ne
656 1994 883 2066 connubium
904 1995 1068 2067 Patribus
1087 2021 1171 2068 cum

99 2131 117 2166 «
130 2097 247 2198 'plebe
257 2118 368 2191 esset,
383 2114 480 2174 n0u²
489 2103 684 2176 decemviri
697 2105 859 2176 tulerunt
870 2107 993 2202 paucis
1005 2105 1186 2179 hisannis‘

77 2207 80 2212 ’
100 2239 118 2275 «
138 2213 297 2306 pessimo
313 2214 479 2311 exemplo
497 2215 667 2312 publico,
693 2240 776 2286 curn
792 2241 932 2286 summa
947 2217 1172 2316 injuriaple-

102 2348 121 2383 e
138 2319 216 2388 bis?
236 2345 280 2390 au
303 2345 379 2393 esse
397 2323 471 2393 ulla
488 2325 621 2418 major,
642 2339 704 2395 aut
726 2325 931 2421 insignitior
953 2325 1173 2397 contumelia

104 2461 124 2496 «
143 2443 282 2525 potest,
296 2424 405 2527 quarn
420 2447 560 2530 partem
572 2435 743 2521 civitatis,
760 2433 859 2504 velut
873 2437 1172 2528 contaminatam,

102 2567 120 2602 «
139 2536 326 2634 indignam
356 2543 543 2614 connubio
563 2543 715 2616 haberi?
734 2542 823 2638 quid
844 2557 898 2614 est
921 2543 1036 2630 aliud,
1063 2570 1173 2642 quam

103 2647 307 2717 «exsilium
331 2651 426 2722 intra
455 2653 580 2724 eadem
602 2655 751 2742 moenia,
779 2678 888 2749 quam
915 2654 1174 2752 relegationem

103 2786 121 2821 (ι
142 2759 242 2854 pati?
263 2787 311 2832 ne
338 2759 592 2854 affinitatibus,
620 2789 666 2836 ne
695 2765 1027 2862 propinquitatibus
1058 2768 1174 2836 immi·

104 2896 122 2932 «
141 2891 326 2959 sceamur,
341 2889 489 2974 cavent3
506 2901 552 2946 ne
570 2877 727 2947 societur
748 2878 901 2974 sanguis.
921 2876 1040 2966 Quid?
1056 2877 1127 2947 hoc
1146 2879 1176 2947 si

104 2977 277 3074 «polluit
303 2981 529 3055 nobilitatem
555 2985 659 3056 istam
685 2997 855 3070 vestram,
874 3007 984 3079 quam
1009 2985 1175 3081 plerique

141 3163 203 3220 Car.
216 3173 262 3219 IV.
278 3186 300 3225 1,
311 3173 363 3228 Ea,
377 3172 437 3220 nesi
445 3167 515 3220 utilio
525 3173 622 3237 quidem
663 3212 666 3218 ,
701 3189 726 3220 a.
740 3174 810 3230 Non,
824 3189 908 3221 nonne
921 3171 966 3238 (nt
976 3177 1008 3233 V,
1022 3175 1053 3222 53
1066 3174 1125 3240 al),
1135 3174 1178 3222 de·

107 3250 172 3307 sum
181 3251 209 3302 τὸ
217 3266 247 3296 ea
253 3250 407 3298 referendum
413 3252 445 3298 ad
450 3252 527 3299 multa
536 3270 545 3299 :
555 3251 623 3316 quod
666 3251 762 3298 cemriri
771 3253 888 3309 tulerunt,
899 3253 964 3300 conl.
979 3253 1010 3300 ad
1023 3255 1068 3312 IV,
1081 3269 1108 3312 1,
1119 3271 1144 3301 n.
1153 3271 1177 3302 α.

108 3344 160 3393 quo
179 3328 273 3376 facilius
292 3341 433 3393 appareret,
450 3331 622 3394 parentheseos
666 3329 874 3394 Pessimopublico
884 3331 987 3379 malebat
997 3333 1074 3379 Gron.
1086 3343 1114 3379 ut
1123 3349 1178 3397 sup.

108 3408 179 3470 signa
196 3424 228 3454 ex
245 3407 351 3470 praeced.
369 3407 466 3457 sustulit
481 3412 566 3458 Bauer.
580 3411 623 3474 qui
666 3411 753 3468 11,1,
770 3409 814 3456 ubi
830 3409 886 3456 vide
904 3421 956 3457 not.
976 3411 999 3457 3.
1016 3412 1103 3458 Baueri
1120 3421 1179 3460 uota

109 3497 193 3534 tamen
207 3489 247 3534 vel
259 3489 300 3536 ,sic
314 3488 471 3539 aventius«
488 3490 623 3538 orationem
667 3498 720 3535 est:
733 3488 799 3534 «Vel
810 3489 933 3553 exemplo,
945 3489 984 3536 vel
988 3489 1088 3552 publico
1098 3489 1181 3537 delen·

110 3583 164 3616 esse
175 3568 225 3627 jam
238 3567 341 3614 monuit.
355 3565 427 3615 Forte
440 3568 487 3630 leg.
499 3569 543 3624 Et,
557 3567 625 3631 quod
668 3565 740 3623 dum,
751 3582 779 3613 ac
789 3567 832 3614 vix
841 3578 888 3628 est,
899 3567 959 3634 quin
971 3569 1047 3631 prius.
1060 3568 1180 3630 Exemplo

109 3645 378 3710 nondum‚estfactum
392 3646 536 3706 (multa..‚
546 3663 624 3709 popu·
668 3645 733 3692 euim
747 3644 788 3692 hic
808 3646 850 3708 qui
867 3646 955 3692 locus?
968 3647 1069 3702 Utrum,
1082 3662 1113 3692 ne
1127 3645 1181 3707 quis
1248 3655 1253 3664 ¹

111 3725 171 3784 Io),
186 3741 251 3781 non,
266 3740 297 3770 ne
305 3725 327 3772 si
337 3724 395 3770 utile
407 3723 504 3788 quidem
513 3723 557 3781 sit,
564 3724 626 3791 fieri
669 3725 772 3771 similem
780 3725 857 3788 legem
866 3725 955 3773 ferret?
964 3727 1099 3786 Quorsum,
1107 3715 1183 3786 quum

111 3809 253 3866 oporteret?
267 3831 303 3840 —-·
316 3803 423 3864 Similem
441 3802 558 3866 loquendi
575 3802 626 3850 lor·
670 3815 733 3850 esset
744 3803 930 3850 decemviralis?
940 3805 994 3860 Au,
1003 3819 1034 3849 ne
1044 3803 1140 3865 patricii
1149 3819 1184 3850 se·

113 3897 181 3928 mam
190 3882 301 3930 invenies
310 3882 353 3930 lib.
359 3898 441 3940 mv,
453 3899 506 3948 cap.
520 3882 543 3928 3.
557 3882 629 3943 Quod
671 3892 802 3944 querentur
807 3881 944 3944 superbiam
949 3881 1113 3944 prioruml'At
1118 3881 1185 3928 istud

113 3976 180 4022 sepe
196 3961 310 4024 optastis,
327 3961 459 4024 Campani,
477 3972 504 4008 ut
519 3959 630 4024 supplicii
672 3976 723 4007 non
734 3976 748 4006 a
759 3959 825 4022 lege,
839 3958 882 4005 sed
892 3959 923 4005 ab
936 3959 1045 4022 ipsorum
1054 3958 1118 4007 fastu
1126 3975 1185 4024 pro,-

115 4039 227 4086 sumendi
239 4040 310 4086 vobu
323 4055 355 4086 ex
367 4039 474 4104 improbo
486 4057 516 4086 ae
526 4039 630 4087 detesta-
674 4037 834 4086 ficiscebatur.
842 4059 894 4078 u-
902 4037 1037 4095 Exsilium,
1048 4039 1125 4099 major
1133 4057 1186 4104 poe·

116 4116 164 4164 bili
180 4129 265 4165 senatu
277 4129 388 4182 potestas
405 4131 478 4176 esset,
494 4134 549 4167 eam
566 4134 630 4168 nunc
674 4133 705 4165 na
716 4131 788 4179 quam
797 4115 927 4179 relegatio,
941 4117 1132 4180 quia,illo,u0n
1140 4119 1186 4165 hac

117 4194 219 4245 haberis.
232 4198 277 4244 Eu.
676 4195 761 4244 civitae
768 4195 894 4245 amittitur.
910 4195 989 4244 [notit.
1003 4197 1093 4246 lustin.
1107 4199 1151 4244 Eo.
