2828 4968
158 1333 173 1362 d

1179 430 1203 465 Α.
1215 426 1238 465 C.
1252 429 1301 473 tes.

265 463 309 546 34
689 455 727 519 Τ.
753 451 894 520 LIVII
1178 487 1301 530 um,

263 582 392 652 liberos
414 573 568 646 consulis
586 571 783 642 liberatoris
791 574 929 668 patrico
937 619 947 653 ‚
955 583 1106 666 propter
1114 577 1325 665 pactionem

263 691 457 762 indicatam
484 681 769 779 tecqsiendorum
790 687 827 752 in
855 679 980 750 urbem
1002 702 1145 775 regum,
1170 703 1195 747 u
1215 695 1327 776 putre

261 805 377 873 securi
392 821 467 868 csse
478 817 690 894 percussos;
701 817 749 865 ex
766 817 841 889 qua
862 790 1076 862 Collatinum
1090 795 1326 886 Tarquinium

263 909 446 984 consulem
461 913 616 978 nominis
634 905 721 976 odio
738 903 910 974 abdicare
930 926 968 972 se
981 905 1202 997 'magistratu
1219 917 1327 997 atque

263 1018 608 1112 ensularejussum5
629 1021 666 1085 in
684 1036 759 1112 qua
781 1013 829 1084 de
844 1017 904 1110 Sp.
928 1015 1050 1084 Cassio
1061 1064 1070 1096 ,
1082 1027 1171 1106 post
1190 1010 1329 1107 aliquot

263 1153 396 1211 annos,
397 1140 552 1224 propter
561 1122 710 1195 consilia
719 1129 807 1194 inita
823 1121 870 1192 cle
886 1119 1214 1218 regnosupplicium
1228 1147 1325 1191 sum-

255 1254 382 1336 ptum,·
400 1243 437 1306 in
455 1261 531 1332 qua
546 1259 663 1329 nuper
678 1233 896 1304 decemviros
914 1231 1030 1319 bonr’s,
1050 1231 1197 1316 emilia,
1212 1237 1329 1328 capite

263 1338 1327 1441 mulctatos⁴obsuperbiamregiumsineaSpMoeliusspem

258 1462 366 1553 'regni
386 1459 600 1552 conceperit.
621 1458 770 1552 Ecquis
793 1453 934 1522 bomo?
955 1471 1170 1547 quanquam
1190 1449 1329 1520 nullam

263 1565 506 1652 nobilitatem,
517 1562 636 1635 nullos
646 1564 820 1650 honores,
836 1561 940 1634 nulla
958 1566 1084 1631 merita
1095 1566 1268 1656 cuiquam
1279 1562 1333 1630 acl

264 1679 549 1748 dominationem
569 1674 735 1770 pandere
758 1678 883 1759 vium‚·
908 1671 975 1742 sed
997 1687 1118 1742 tamen
1135 1668 1327 1755 Claudios,

266 1793 421 1872 Cassios,
432 1782 694 1868 consulatibus,
710 1781 1022 1867 decemviratibus,
1038 1785 1111 1850 suis
1129 1781 1330 1871 majorum·

265 1921 336 1996 que
355 1894 572 1978 honoribus,
592 1891 782 1991 splendore
793 1891 1027 1980 familiarum
1044 1889 1227 1961 sustulisse
1247 1895 1330 1960 uni-

264 2031 343 2078 mos
353 2057 363 2091 ,
381 2028 456 2102 quo
474 2007 578 2096 nefins
586 2005 729 2094 fiterit:
748 2009 808 2102 Sp.
827 2002 1013 2089 Maelium,
1030 2007 1090 2072 cai
1096 1999 1110 2045 ⁵
1129 2001 1332 2074 tribunatus

255 2117 375 2216 plebis
393 2123 509 2212 magis
525 2115 727 2212 optandus,
742 2135 856 2212 quam
872 2115 1092 2212 sperandus,
1100 2105 1238 2204 faeril,
1247 2115 1331 2207 fra·

263 2234 480 2298 memorium
493 2227 652 2313 mactem,
667 2221 826 2298 bilibrts⁶
833 2227 949 2317 farris
961 2247 1121 2322 sperasse
1133 2223 1332 2295 libertatem
1406 2231 1407 2240 ’

264 2361 303 2407 se
323 2341 453 2407 a'vium
470 2348 618 2408 suorum
638 2343 783 2421 emisse,
811 2335 961 2432 ciboque
985 2333 1187 2430 objiciendo
1212 2351 1332 2405 ratam

263 2453 434 2517 victorem
440 2445 688 2539 finitimorum
705 2452 867 2516 omnium
875 2445 1060 2542 populum
1079 2450 1115 2514 in
1133 2450 1332 2515 servitutem
1405 2515 1406 2520 ,

255 2554 391 2652 perlici
399 2578 536 2648 posse:
555 2571 611 2639 ut,
627 2579 734 2650 quem
750 2569 953 2653 senatorem
972 2577 1197 2649 concoquere
1211 2559 1334 2624 civitas

264 2669 329 2733 cix
343 2678 486 2758 posset,
509 2688 626 2759 regem
633 2663 768 2754 ferret,
787 2661 936 2732 Romuli
955 2663 1169 2748 conditoris,
1194 2655 1244 2732 ab
1263 2663 1334 2735 diis

266 2780 351 2858 orti,
372 2777 504 2867 reiepti
517 2771 572 2841 ael
580 2772 685 2854 cleos,
701 2775 854 2868 insignia
871 2785 981 2868 atque
997 2778 1187 2870 imperium
1202 2773 1335 2844 leuben-
1404 2805 1405 2858 3

264 2897 335 2952 tem
353 2909 363 2951 .·
381 2889 478 2950 non⁷
489 2905 562 2978 pro
580 2879 710 2952 scelere
727 2879 769 2951 id
781 2887 915 2979 magis,
932 2901 1044 2980 quam
1052 2909 1127 2982 pro
1149 2897 1332 2969 monstro,

265 2987 474 3060 babendum
493 3017 504 3058 :
522 3015 587 3084 nec
609 2996 698 3062 satis
724 3016 799 3062 esse
818 2999 997 3089 sanguine
1017 2995 1094 3089 ejus
1122 3001 1333 3091 expiatum,

264 3177 349 3217 monet
361 3169 436 3217 Drek.
450 3169 512 3230 Ques
524 3169 606 3216 omnis
619 3184 704 3233 peram
717 3185 775 3233 pro·
820 3169 918 3226 emisse,
935 3186 1003 3218 suem
1015 3171 1208 3220 dominationem
1221 3185 1247 3222 et
1259 3176 1336 3222 servi·

264 3247 355 3294 bubilia
369 3257 433 3294 nmt.
450 3250 523 3294 Forte
535 3247 723 3310 interpolatores
738 3249 776 3294 in-
821 3259 900 3296 tutem
910 3249 1008 3296 civium.
1023 3249 1117 3298 Bilibra
1129 3252 1249 3302 substent·
1259 3265 1287 3300 nt
1300 3269 1336 3300 se·

265 3325 406 3393 doetifilias
416 3325 489 3372 nobis
500 3341 547 3389 pro
558 3327 682 3390 nepotibus
694 3327 776 3376 obtm·
821 3327 898 3383 libra,
909 3327 1008 3385 bilant,
1021 3329 1138 3378 binensis.
1145 3332 1249 3380 Veteres
1254 3339 1337 3380 sutem

266 3420 326 3452 sese.
347 3404 437 3452 Confer
451 3403 483 3450 sd
495 3405 560 3468 Epit.
575 3407 615 3463 11,
629 3419 653 3454 n.
670 3421 692 3453 1.
714 3407 777 3454 Mox
821 3405 970 3454 frumentum
986 3423 1038 3455 non
1053 3409 1130 3456 modo
1142 3410 1239 3470 metiri,
1254 3411 1300 3459 sed
1313 3424 1337 3460 et
1402 3423 1403 3426 ’

261 3491 364 3548 propter
369 3482 510 3545 pactionem
519 3483 605 3530 initam
614 3487 679 3544 conj.
690 3487 775 3533 Baua.
821 3484 961 3548 appendere
973 3487 1098 3546 solebant,
1113 3499 1141 3534 ut
1151 3499 1198 3534 nos
1211 3505 1302 3553 panem
1313 3502 1337 3537 et

302 3571 326 3617 t.
343 3561 427 3624 Capite
439 3562 580 3616 mulctatos,
595 3562 647 3610 scil.
661 3563 777 3610 sciret.—
821 3563 922 3610 fariam
930 3579 938 3612 ι
947 3566 1016 3613 sicin
1024 3567 1076 3628 lege
1085 3568 1137 3614 111
1145 3567 1282 3616 tabularum
1292 3585 1335 3634 sp.

269 3644 322 3706 Quo
338 3641 407 3706 nefas
415 3639 510 3705 fuerit,
529 3639 581 3686 scil.
596 3655 640 3688 eos
653 3641 777 3690 sustulisse
822 3642 941 3702 cnutum,
950 3644 994 3692 lib.
1004 3658 1053 3702 xx,
1063 3659 1117 3709 cap.
1131 3660 1153 3704 1,
1162 3647 1190 3692 Si
1197 3648 1278 3703 volet,
1292 3665 1337 3694 suo

268 3723 374 3779 animos,
388 3735 430 3766 seu
441 3719 567 3782 aspirasse.
655 3713 658 3718 “
821 3721 897 3768 uisite
907 3740 916 3769 .·
928 3723 1037 3778 ninivis,
1051 3723 1094 3786 qui
1103 3739 1157 3770 enm
1168 3724 1277 3774 stinctum
1290 3727 1338 3774 lte·-

305 3802 329 3848 5.
344 3799 390 3848 Cui
397 3798 532 3846 tribunatus
536 3797 628 3860 plebis,
640 3808 686 3846 ete.
696 3799 738 3862 qui
747 3813 779 3845 ne
824 3799 902 3857 bebit,
918 3799 1091 3864 libramsesrris
1100 3801 1125 3848 in
1134 3803 1199 3849 diem
1209 3805 1276 3853 dato.
1290 3807 1338 3854 Ee.

268 3896 297 3928 eo
312 3879 410 3942 quidem
424 3877 513 3942 (lignus
526 3889 585 3926 esst.
592 3905 628 3914 -
636 3881 778 3925 Frumento·
822 3879 914 3924 -Far
922 3879 994 3926 etiam
1003 3878 1143 3943 profarina
1155 3882 1253 3932 dieitur.
1262 3885 1338 3932 Conf.

268 3957 331 4003 rium
346 3957 456 4013 diuitem,
472 3957 528 4004 vide
543 3957 574 4004 ed
587 3974 641 4022 cup,
659 3973 703 4016 ια,
716 3973 741 4004 n.
755 3957 780 4004 8.
823 3959 1170 4018 V‚47‚01V1‚17·-Ct'b⁰
1182 3962 1337 4028 objiciendo,

305 4035 329 4082 6.
347 4035 460 4091 Bilibris,
482 4036 576 4082 duabus
595 4037 677 4094 libris,
683 4035 776 4100 serris,
823 4043 851 4082 stt
864 4035 964 4082 canibus
978 4035 1101 4096 objicitur.

270 4125 319 4160 tem
330 4111 373 4158 viti
386 4114 481 4175 prena,
495 4114 597 4177 singulis
605 4114 701 4161 civibus
710 4112 780 4171 dato,
860 4128 884 4172 7.
898 4114 955 4160 Non
962 4131 1010 4177 pro
1022 4118 1110 4164 scelere
1118 4118 1147 4164 id
1155 4120 1246 4184 maffis,
1260 4137 1341 4184 quam

270 4206 377 4255 sperasse
390 4190 524 4239 libertatem
538 4209 564 4239 se
580 4191 666 4239 civium
684 4207 781 4238 morum
820 4207 869 4256 pro
878 4203 984 4242 moresne
995 4195 1104 4258 eoelesie,
1114 4197 1204 4248 melete
1213 4209 1342 4252 monstro-
