2828 4968
289 454 330 526 16
696 455 734 522 r.
768 456 908 527 mvn
1197 439 1317 543 atat:

283 609 300 642 a
318 575 555 648 abstinuistis:
570 598 616 644 an
630 573 712 645 ideo
727 598 803 647 non
820 593 873 648 est
885 577 1109 670 dimicatum,
1124 581 1246 676 quod,
1265 605 1342 679 quae

283 719 299 753 a
315 712 397 784 pars
419 685 575 772 firmior,
591 683 717 756 eadem
737 686 936 758 modestior
951 685 1048 759 fuit?
1073 714 1141 761 nec
1157 713 1258 762 nunc
1279 694 1343 765 erit

282 829 299 864 ι(
318 811 521 884 certamen,
540 797 700 886 Quirites
720 823 727 866 :
749 799 888 870 animos
906 813 1044 870 vestros
1071 798 1123 868 illi
1150 800 1343 872 tentabunt

281 939 298 980 a
316 907 576 1004 semper,vires
592 909 672 976 non'
682 909 926 1003 experientur.
943 913 1072 1006 Itaque
1088 909 1134 981 ad
1148 910 1242 982 bella
1258 915 1341 1001 ista,

281 1049 298 1084 a
319 1043 383 1090 seu
399 1015 501 1104 falsa,
520 1041 585 1088 seu
600 1025 685 1087 ver'a
702 1032 807 1105 sunt,
822 1019 1003 1108 consules,
1017 1035 1143 1118 parata
1156 1021 1260 1092 vobis
1274 1023 1343 1119 ple·

280 1160 297 1194 a
316 1129 381 1200 bes
402 1141 472 1216 est,
490 1125 739 1216 si,connuhiis
748 1126 918 1216 redditis,
933 1155 1043 1199 unam
1056 1130 1151 1202 hanc
1164 1133 1343 1203 civitatem

280 1238 462 1310 «tandem
491 1237 605 1308 facitis
623 1263 632 1324 ;
660 1237 689 1307 si
710 1237 926 1328 coalescere,
948 1241 977 1308 si
998 1240 1102 1336 jungi
1130 1241 1343 1340 miscerique

280 1379 297 1416 κ
315 1349 419 1420 vobis
439 1349 586 1446 privatis
608 1347 934 1420 necessitudinibus
952 1364 1124 1446 possunt3
1146 1355 1175 1421 si
1198 1377 1302 1448 spes,
1317 1356 1344 1424 si

281 1491 298 1528 u
319 1460 437 1530 aditus
456 1458 502 1528 ad
522 1457 681 1528 honores
705 1459 789 1528 viris
810 1460 966 1556 strenuis
988 1473 1023 1530 et
1042 1457 1196 1530 fortibus
1218 1461 1343 1550 datur;

281 1573 347 1642 «si
369 1573 407 1640 in
428 1570 630 1654 consortio,
648 1569 677 1638 si
699 1569 738 1637 in
758 1569 928 1640 societate
953 1569 1161 1666 reipublicae
1182 1596 1279 1661 esse,
1299 1574 1343 1660 si,

281 1711 298 1746 a
316 1680 418 1777 quod
441 1703 551 1775 aequae
572 1676 747 1747 libertatis
772 1692 844 1767 est,
867 1680 905 1749 in
930 1681 1046 1749 vicem
1069 1682 1199 1752 annuis
1222 1685 1345 1779 magis·

279 1821 296 1856 a
316 1789 468 1860 tratibus
489 1812 615 1885 parere
628 1801 745 1883 ,atque
762 1789 967 1884 imperitare
990 1789 1080 1860 licet.
1105 1788 1165 1860 si³
1182 1791 1260 1862 baec
1278 1796 1343 1863 im·

280 1931 297 1965 a
315 1901 436 1997 pediet
449 1900 592 1995 aliquis,
603 1896 693 1969 ferte
704 1899 948 1987 sermonibus,
961 1913 997 1970 et
1006 1900 1242 1997 multiplicate
1252 1899 1344 1973 fama

279 2041 297 2077 a
316 2010 431 2098 bella}
443 2033 552 2082 nemo
572 2023 626 2080 est
643 2033 778 2078 nomen
798 2007 967 2094 daturus,
980 2033 1089 2079 nemo
1106 2034 1205 2081 arma
1221 2019 1351 2110 captu‘

279 2153 296 2188 n
314 2147 394 2211 rus,
416 2146 525 2193 nemo
546 2119 780 2190 dimicaturus
801 2144 868 2216 pro
887 2117 1051 2216 superbis
1070 2117 1248 2211 dominis,
1264 2145 1344 2208 cnm

279 2265 301 2300 a
316 2221 451 2331 quibus
470 2257 538 2304 nec
559 2233 597 2300 in
619 2256 659 2301 re
681 2228 826 2328 publica
846 2231 1047 2318 honorum,
1065 2254 1132 2300 nec
1151 2231 1190 2300 in
1209 2234 1345 2329 privata

278 2342 489 2416 «connubii
511 2343 661 2414 societas
681 2335 779 2411 est.»
799 2336 805 2340 ’

326 2461 388 2528 Vl.
402 2459 524 2544 Quum
534 2455 573 2523 in
581 2452 796 2523 concionem
805 2464 840 2520 et
848 2449 1014 2550 consules
1024 2449 1296 2545 processissent,
1310 2463 1347 2520 et
1383 2513 1386 2523 .

278 2574 357 2633 res1
380 2587 401 2630 a
422 2563 606 2657 perpetuis
627 2557 853 2628 orationibus
872 2561 912 2628 in
930 2559 1198 2628 altercationem
1215 2560 1347 2628 vertis-

278 2685 351 2758 set;
364 2669 602 2766 interroganti
619 2666 782 2754 tribuno,
798 2692 863 2738 cur
871 2666 1055 2764 plebeium
1069 2667 1250 2740 consulem
1253 2671 1348 2762 fieri

278 2806 352 2852 non
369 2780 577 2876 oporteret?
592 2791 633 2847 ut
652 2775 801 2848 fortasse
814 2802 916 2866 vere,
938 2804 985 2851 ne
1000 2805 1130 2878 parum
1150 2779 1287 2851 utiliter
1303 2781 1343 2849 in

278 3015 305 3052 ut
315 3000 428 3050 nimirum
438 3012 463 3049 et
471 2997 659 3064 videlicet(IX,
671 3014 711 3058 17,
719 3014 744 3046 n.
757 2999 788 3058 6;
832 3001 901 3059 tatis,
912 3002 1062 3050 orationibus
1073 3001 1173 3067 (confer
1182 3002 1300 3060 XXXII,
1315 3017 1344 3063 19

221 3066 224 3080 ⁸
277 3084 394 3140 XXXII,
405 3096 451 3140 21,
462 3097 487 3127 n.
501 3078 558 3144 14),
568 3090 726 3141 nostrumque
726 3075 788 3142 frei-
832 3079 909 3145 extr.)
922 3097 947 3128 se
960 3081 1072 3128 vertisset
1084 3083 1125 3144 (v.
1137 3081 1169 3127 ad
1182 3083 1221 3140 II,
1237 3081 1266 3140 3,
1279 3097 1304 3127 n.
1317 3078 1345 3142 a)

277 3160 332 3209 tica.
348 3162 403 3207 Hoc
422 3176 494 3206 sensu
511 3159 601 3223 passim
619 3157 698 3204 obviae
714 3171 787 3204 voces
832 3159 1058 3216 inaltercationem,
1069 3159 1345 3222 alternumeolloquitim

275 3241 342 3300 istae,
350 3252 374 3287 et
383 3251 434 3286 tum
444 3239 585 3303 plerumque
594 3237 662 3300 signa
671 3237 786 3300 interrog.
831 3238 870 3284 vel
884 3237 1089 3301 disputatIonem,
1106 3254 1160 3302 quae
1174 3227 1345 3302 interrogatlo-

277 3319 389 3383 apposita
400 3329 470 3376 sunt,
484 3333 538 3380 quae
551 3316 670 3364 removeri
680 3325 786 3380 praestat.
800 3375 802 3382 Ι
831 3316 904 3362 nibus
918 3327 942 3362 et
954 3317 1077 3380 responsis
1089 3317 1240 3390 continetur.
1256 3316 1345 3366 Confer

313 3398 336 3444 3,
346 3397 373 3444 Si
380 3396 432 3444 ltoec
441 3395 555 3459 impediet
562 3395 651 3458 aliquis
662 3393 713 3458 (sin
723 3394 788 3453 conj.
828 3395 904 3452 VIII,
919 3396 964 3453 333
977 3395 1029 3442 Cic.
1043 3395 1075 3442 ad
1087 3397 1212 3454 Atticum,
1224 3397 1250 3454 1,
1264 3397 1309 3456 16,
1322 3405 1346 3442 et

277 3477 358 3542 Sigon.
379 3475 446 3539 quod
466 3476 505 3522 vel
524 3475 588 3521 aurIs
607 3475 687 3537 legere
703 3473 787 3532 juben
828 3473 933 3534 Quintil.
941 3474 991 3532 VI,
1002 3481 1026 3529 4.
1037 3475 1300 3539 Similiterperpetuum
1304 3474 1344 3539 ju·

276 3555 389 3618 Rauen),
394 3554 462 3619 ferte
476 3553 623 3607 sermonibus
637 3552 713 3607 bella,
727 3567 788 3597 sem·
826 3559 915 3616 gumet
922 3551 1019 3600 dorsum
1025 3553 1343 3612 montiadlciturXXXIII,

275 3653 320 3701 per
327 3647 352 3682 et
361 3633 441 3681 ubivis
450 3648 573 3680 sermones
582 3632 662 3690 serite,
673 3647 716 3677 seu
724 3647 788 3693 sper·
832 3631 861 3689 6,
871 3642 895 3678 et
905 3633 976 3689 XLI,
993 3633 1032 3679 18.
1046 3633 1119 3680 Cous.
1129 3633 1161 3680 ad
1170 3633 1222 3692 IX,
1235 3649 1276 3693 17,
1285 3649 1311 3680 n.
1321 3634 1344 3680 6.

275 3717 324 3779 gite
337 3715 368 3762 de
382 3712 465 3771 bellis,
478 3711 542 3758 bella
555 3722 660 3774 crepare.
673 3707 788 3757 Similiter
831 3712 934 3758 -Mox
945 3727 991 3774 pro
1004 3711 1128 3774 respondit
1139 3712 1203 3759 forte
1215 3711 1346 3775 legendum

275 3793 372 3858 aliquid
371 3791 447 3859 sama
457 3803 481 3839 et
490 3789 624 3837 rumoribus
626 3787 695 3855 ferre
701 3823 709 3845 ,
719 3789 787 3851 quael
831 3789 1015 3853 responderunt,
1026 3805 1060 3836 sc.
1070 3791 1193 3849 consules,
1205 3790 1244 3837 vel
1251 3805 1347 3853 respon-

276 3873 445 3930 circumferre,
464 3872 571 3928 XXIII,
590 3871 640 3928 313
658 3868 786 3925 XXXIV,
831 3868 913 3926 detur,
926 3867 964 3914 vel
976 3867 1181 3930 respondebam,-
1192 3865 1240 3916 nisi
1254 3867 1346 3916 extudit

278 3952 324 4008 36,
336 3969 361 3998 n.
378 3967 404 4009 1,
416 3962 441 3998 et
454 3949 520 4014 apud
531 3950 609 3998 Tacit.
621 3943 713 3996 Annal.
727 3948 785 4005 XV,
799 3967 801 3973 ·
830 3963 920 3994 nomen
926 3945 1023 3993 alterius
1031 3948 1165 3996 consulum.
1176 3949 1284 3998 Rauerus
1293 3963 1346 3994 mo·

277 4029 323 4087 463
334 4030 409 4086 XVI,
422 4046 447 4076 2.
695 4077 701 4088 Ι
830 4037 884 4082 net,
894 4023 1022 4087 respondet
1030 4025 1123 4073 «fictum
1134 4043 1185 4084 esse
1194 4041 1241 4090 pro
1251 4042 1346 4090 respon·

247 4151 250 4158 ,
310 4105 371 4154 Cer.
382 4108 428 4154 VI.
441 4122 463 4153 1.
476 4108 521 4153 Res
534 4123 550 4152 a
557 4105 692 4168 perpetuis,
706 4103 786 4150 conti·
831 4103 931 4159 derunt,
945 4114 986 4150 aut
1000 4105 1163 4168 supplendum
1178 4106 1265 4152 consul
1269 4141 1277 4163 ,
1293 4105 1344 4152 scil.

275 4184 344 4244 nuis,
357 4200 405 4232 una
418 4184 479 4232 serie
493 4196 517 4231 et
528 4184 712 4232 continuatione
725 4181 786 4228 reci-
831 4196 861 4226 ex
871 4181 1020 4230 consulibus.
1030 4183 1151 4230 Neutrum
1161 4184 1219 4232 satis
1229 4184 1345 4248 placebit.
