2828 4968
94 455 292 560 statilia:
323 477 484 544 LIBER
514 477 578 544 iv.
610 475 719 544 car.
750 473 897 542 xxvi.
1097 469 1142 540 55

64 622 150 667 surn
157 597 600 692 AEqui,se0rsumVolsci,
611 593 1148 679 castracommunivere;intcn-

65 707 235 802 tiorqne,
251 728 360 800 quam
377 729 538 800 unquam
555 719 657 794 ante,
675 704 863 774 muniendi
878 701 1144 798 exercendique

65 817 222 885 militem
240 839 326 886 cura
340 814 494 886 ducibus
508 829 605 886 erate
620 839 664 886 eo
679 816 762 912 plus
777 815 898 884 nuntii
913 814 1061 884 terroris
1078 818 1144 884 Ro

65 903 355 996 mam'bttulere.
379 928 526 996 Senatui
548 927 761 998 dictatorem
780 925 851 997 dici
866 925 1018 1024 placuit3
1034 927 1139 1021 quia,

65 1037 132 1104 etsi
148 1036 337 1132 saepevicti
352 1037 490 1133 populi,
501 1037 637 1132 majore
651 1051 773 1108 tamen
783 1049 928 1124 conatu,
937 1059 1047 1132 quam
1058 1036 1143 1106 alias

64 1169 254 1241 unquam,
268 1145 488 1216 rebellarent
508 1173 516 1216 :
538 1163 575 1218 et
592 1148 818 1243 aliquantum
838 1169 997 1216 romanae
1012 1147 1142 1239 juven·

66 1255 154 1322 tutis
165 1252 299 1324 morbo
310 1252 542 1352 absumptum
555 1270 640 1326 erat.
654 1252 1146 1354 Anteomniapravitas³con-

67 1363 208 1449 sulum,
224 1361 475 1460 discordiaque
490 1366 586 1436 inter
601 1367 719 1462 ipsos,
737 1379 773 1436 et
788 1366 983 1436 certamina
996 1367 1034 1435 in
1053 1389 1145 1436 con-

67 1473 154 1544 siliis
168 1471 345 1543 omnibus
358 1473 564 1560 terrebant:
581 1477 757 1570 sunt,qui
772 1475 866 1545 male
879 1489 1082 1572 pugnatum
1097 1475 1145 1546 ab

67 1585 123 1660 bis
139 1583 351 1655 consulibus
362 1585 400 1654 in
416 1585 544 1683 Algido
557 1601 723 1657 auctores
738 1588 824 1673 sint,
836 1609 989 1682 eamque
999 1609 1142 1658 causam

67 1695 256 1766 dictatoris
280 1695 426 1765 creandi
453 1695 574 1767 fuisse.
603 1697 698 1767 Illud
723 1699 806 1766 satis
830 1709 989 1784 constat,
1006 1696 1053 1765 ad
1078 1696 1145 1766 alia

68 1805 254 1875 discordes
268 1806 305 1874 in
320 1830 396 1875 uno
412 1806 583 1878 adversus
598 1821 743 1904 patrum
757 1807 982 1878 voluntatem
995 1829 1145 1877 consen

68 1917 178 2002 sisse,
199 1939 247 1985 ne
266 1915 428 1987 dicerent
445 1916 674 2004 dictatorem3
691 1917 830 2006 donec,
851 1941 966 2014 quum
983 1916 1050 1987 alia
1066 1915 1143 1986 aliis

67 2023 285 2096 terribiliora
294 2025 596 2118 afferrenturfflec,
606 2031 644 2100 in
654 2031 889 2102 auctoritatel
898 2043 1044 2101 senatus
1059 2053 1143 2098 con·

69 2134 165 2206 sules
181 2151 322 2224 essent,
345 2140 388 2226 Q.
403 2140 572 2211 Servilius
593 2142 755 2228 Priscus,
774 2142 923 2211 summis
941 2138 1145 2210 honoribus

68 2247 212 2342 egregie
227 2271 331 2334 usus,
348 2252 442 2334 Vos,
456 2251 592 2346 inquit,
610 2250 890 2346 tribuniplebis,
902 2255 1077 2350 quonian}
1091 2248 1149 2317 ad

68 2369 233 2428 extrema
263 2373 411 2429 ventum
440 2374 508 2444 est,
532 2375 676 2430 senatus
705 2359 888 2456 appellat,
914 2373 955 2430 ut
981 2363 1018 2426 in
1042 2371 1145 2428 tanto·

68 2462 274 2539 discninine
295 2467 505 2566 respublicae
520 2469 735 2539 dictatorem
760 2468 879 2539 dicere
899 2466 1060 2539 consules
1069 2489 1146 2563 pro

60 2590 244 2670 potestate
256 2593 377 2648 vestra
392 2583 541 2676 cogatis.
557 2581 639 2668 Qua
652 2602 742 2647 voce
759 2577 901 2664 audita,
917 2575 1143 2646 occasionem

67 2681 228 2756 oblatam
243 2689 312 2760 rati
323 2686 461 2758 tribuni
471 2687 644 2785 augendae
654 2689 843 2785 potestatis
856 2686 1049 2773 secedunt,
1060 2709 1141 2781 pro-

70 2817 146 2888 que
175 2795 328 2892 collegio
353 2799 613 2892 pronuntiant,
634 2797 786 2898 placere
811 2797 975 2866 somnies
1004 2801 1146 2865 senatui

68 2901 166 2988 (licto
186 2905 375 2983 audientes
389 2932 467 2977 csse
485 2933 495 2975 :
516 2915 549 2992 si
562 2906 737 2992 adversus
759 2932 968 2978 consensum
994 2905 1143 3004 amplis-

67 3017 154 3083 simi
169 3014 308 3086 ordinis
326 3015 423 3086 ultra
435 3015 606 3101 tendant,
623 3023 660 3086 in
675 3015 827 3087 vincula
842 3015 980 3086 seduci
993 3016 1142 3109 cosjns-

68 3148 185 3206 suros.
213 3126 391 3196 Consules
413 3124 459 3196 ab
487 3124 664 3216 tribunis,
690 3149 800 3224 quam
817 3123 863 3194 ab
886 3137 1034 3211 senatu,
1048 3124 1145 3194 vinci

68 3233 301 3323 maluerunt3
320 3237 506 3332 proditum
529 3260 550 3310 a
568 3235 733 3333 patribus
755 3237 887 3310 summi
908 3235 1050 3332 imperit
1063 3233 1146 3329 jus,

69 3343 269 3444 datumque
283 3346 351 3417 sub
367 3348 495 3444 jugum
510 3346 705 3417 tribunitiae
720 3347 890 3444 potestati
913 3346 1144 3416 consulatum

72 3525 117 3582 34,
129 3541 156 3573 n.
173 3539 197 3588 9.
212 3525 285 3586 Coni,
297 3526 362 3590 inpr.
375 3527 413 3584 X,
428 3525 474 3584 383
487 3525 580 3588 Duker.
628 3525 728 3574 locato:
742 3523 801 3572 inde
817 3523 848 3571 ad
861 3523 970 3590 animum
986 3523 1144 3580 translatum,

69 3603 99 3650 ad
108 3603 175 3652 Flor.
185 3606 210 3663 1,
223 3605 268 3662 16,
282 3621 307 3664 7,
318 3615 342 3653 et
351 3605 428 3652 Perit.
439 3605 513 3650 anim.
522 3603 582 3652 hist.
629 3603 728 3668 inprim.
741 3602 773 3650 ad
785 3603 905 3651 invidiam
918 3614 944 3652 et
956 3603 1145 3666 malignitatem

70 3699 91 3729 c.
102 3697 147 3741 ιο,
161 3699 187 3746 p.
196 3681 434 3748 tid-Utrimque,
447 3697 478 3730 ex
486 3683 585 3730 Volscis
631 3683 709 3731 Gron.
723 3681 766 3746 qui
780 3682 855 3730 multa
869 3681 943 3729 docte
956 3681 1073 3745 disputat.

69 3771 94 3809 et
106 3761 200 3825 Equis.
208 3763 416 3822 -debellarent,
429 3761 486 3822 ¹vide
500 3760 531 3808 ad
544 3763 583 3821 11,
667 3767 691 3816 4.
705 3763 736 3806 ln
750 3760 1003 3808 auctoritatesenaeas
1012 3773 1074 3815 esse,
1090 3756 1148 3804 vide

73 3846 120 3898 ia,
134 3855 161 3888 n.
176 3856 201 3887 2.
631 3838 663 3887 ad
673 3839 710 3897 Il,
726 3839 772 3898 56,
785 3855 811 3888 n.
827 3839 978 3885 rit-Mox
983 3853 1033 3900 pro
1042 3835 1146 3900 collegio

105 3919 129 3966 3.
141 3918 256 3967 Pravitas
265 3920 390 3967 consuiant
398 3917 583 3982 discordiaque,
629 3916 804 3981 pronuntiant,
818 3931 849 3963 ex
858 3918 1003 3963 auctoritate
1012 3925 1037 3962 et
1047 3915 1148 3963 nomine

70 4007 97 4043 ut
105 3996 172 4061 apud
183 3997 262 4045 Tacit.
274 3998 364 4046 Annal.
373 3999 423 4054 111,
434 3999 480 4056 48,
493 3996 517 4044 6.
525 3997 586 4043 Pra-
629 3989 740 4059 collegil;
749 4005 865 4058 tanqum
871 3995 1016 4044 sententiam
1023 3994 1145 4055 etjussutn

71 4091 123 4122 vum
136 4087 172 4124 est
183 4091 270 4142 propr.
281 4075 370 4125 vitium
382 4077 494 4141 corporis
504 4073 585 4140 quod·
629 4073 705 4140 totins
714 4073 812 4138 collegii
823 4073 959 4132 tribunitii,
968 4077 1110 4139 congregati
1120 4087 1145 4123 et

72 4170 117 4215 que
129 4155 155 4202 in
164 4171 195 4203 eo
208 4166 246 4202 est
258 4171 412 4220 perversum,
422 4156 484 4204 male
496 4153 585 4204 distor-
629 4154 758 4219 praesentis
768 4168 774 4203 ε
785 4169 808 4202 v.
821 4153 853 4202 ad
864 4155 902 4213 11,
916 4169 972 4216 μ,
983 4155 1090 4210 4-8ἰο
1096 4169 1144 4218 pro

72 4241 136 4290 tum,
149 4233 280 4283 adversum
294 4246 378 4294 recto,
396 4233 459 4283 bene
478 4245 539 4302 apto
557 4251 586 4282 ao
630 4233 726 4300 collegii
734 4235 867 4294 sententia,
876 4233 921 4282 inf.
933 4249 987 4298 cap.
1000 4241 1041 4289 44.
1051 4233 1096 4282 En.
