2828 4968
115 438 238 548 ,¹1:23th
362 463 524 536 nrnnn
557 465 623 534 iv.
658 464 766 534 car.
791 459 875 532 nr.
1111 489 1148 534 ῃ

91 617 107 654 a
126 602 188 660 aut
203 586 415 660 libertinum
433 577 562 686 aliquis
580 586 765 658 consulem
781 584 944 668 futurum
961 585 1155 658 dicatissc-

91 727 107 761 a
127 695 215 792 quid
233 697 390 784 sentitis,
402 699 439 768 in
455 712 595 794 quanto
614 709 826 792 contemptu
843 697 985 766 vivatis?
996 695 1084 766 lucis
1098 720 1157 766 vo·

91 805 180 878 «bis
193 805 303 900 hujus
318 791 472 904 partem,
489 810 519 878 si
537 809 657 895 liceat,
672 805 832 876 adimant
849 831 856 872 :
876 805 977 900 quod
996 807 1156 903 spiratis,

91 917 226 1012 «quod
245 941 370 990 vocem
387 918 545 1006 mittitis,
560 918 660 1014 quod
679 915 813 988 formas
832 913 1023 986 hominum
1046 917 1156 988 habe-

91 1057 106 1092 α
123 1028 186 1115 tis,
204 1026 450 1123 indignantur.
471 1029 571 1119 Quin
594 1029 721 1115 etiam,
738 1028 767 1096 si
787 1025 879 1096 diist
897 1025 1035 1124 placet,
1057 1025 1157 1097 nefas

90 1167 105 1202 r
126 1137 227 1211 aiunt
245 1161 341 1225 esse,
361 1139 548 1212 consulem
569 1137 753 1236 plebeium
772 1135 861 1210 fieri.
888 1137 1052 1208 Obsecro
1070 1161 1156 1227 vos,

90 1245 175 1322 asi⁵
188 1273 266 1336 non
283 1247 329 1320 ad
347 1247 478 1337 fastos,
495 1275 572 1320 non
589 1249 633 1320 ad
649 1250 928 1320 commentarios
941 1248 1156 1346 pontificum

90 1387 105 1423 α
124 1355 368 1447 admittimur,
385 1383 431 1430 ne
450 1384 492 1430 ea
511 1359 660 1456 quidem
681 1361 832 1458 scimus,
855 1383 936 1455 quae
952 1383 1082 1430 omnes
1098 1373 1157 1456 ps⁴
1185 1439 1187 1447 .
1230 1393 1235 1409 .

88 1497 104 1534 a
122 1469 258 1566 regrini
277 1470 385 1540 etiarn
401 1471 541 1540 sciunt?
555 1470 723 1541 consules
741 1472 778 1540 in
798 1470 919 1540 locum
936 1495 1065 1566 regum
1084 1493 1159 1540 suc·

87 1579 296 1652 «cessisset
319 1603 387 1650 nec
414 1593 477 1652 aut
499 1582 613 1674 juris,
644 1595 706 1650 aut
735 1580 930 1674 majestatis
957 1580 1158 1676 quidquam

87 1718 103 1754 α
122 1687 277 1776 habere,
298 1689 398 1786 quod
416 1692 551 1760 nonin
569 1689 716 1787 regibus
735 1703 819 1760 ante
838 1689 969 1760 fuerit?
990 1685 1070 1760 En⁶
1090 1715 1156 1760 un·

86 1830 103 1865 «
124 1822 234 1895 quarn
255 1801 400 1872 creditis
418 1799 528 1873 fando
547 1801 710 1872 auditum
730 1823 821 1888 esse,
839 1807 993 1875 Numam
1011 1802 1157 1898 Pompi-

85 1937 102 1972 «
122 1908 228 1998 lium,
243 1933 320 1980 non
338 1911 451 1982 modo
472 1935 545 1981 non
566 1914 778 2008 patricium,
798 1911 861 1982 sed
881 1938 927 1982 ne
947 1913 1061 1983 civem
1081 1913 1158 2008 qui-

84 2048 102 2082 «
122 2019 205 2092 dem
234 2027 459 2106 Romanurn,
487 2046 532 2094 ex
559 2024 687 2110 sabino
715 2016 802 2122 agro
832 2025 1005 2110 accitum,
1032 2023 1158 2119 populi

83 2129 243 2224 «jussu,
273 2131 467 2204 Patribus⁷
493 2134 719 2218 auctoribus,
744 2140 867 2204 Roman
898 2133 1090 2231 regnasse?
1116 2138 1157 2202 L.

83 2268 101 2304 a
122 2239 255 2314 deinde
280 2245 540 2338 Tarquinium,
564 2242 663 2315 non8
685 2267 843 2314 romanae
870 2242 1000 2327 modo,
1022 2243 1085 2311 sed
1110 2264 1157 2309 ne

83 2376 102 2418 s
126 2349 250 2421 italica
274 2352 425 2448 quidem
446 2355 580 2451 gentis,
599 2353 809 2424 Damarati9
828 2349 1007 2422 Corinthii
1023 2347 1157 2437 filium,

83 2489 103 2524 a
125 2459 280 2532 incolam
297 2461 343 2533 ab
363 2465 586 2560 Tarquiniis,
605 2465 694 2534 vivis
711 2463 833 2532 liberis
850 2463 957 2550 Anci,
970 2483 1094 2558 regem
1112 2458 1159 2530 fa·

79 2642 207 2706 plebeius,
217 2646 303 2694 consul
311 2646 379 2714 fiat,
394 2645 448 2694 fieri
464 2648 556 2713 possit,
571 2665 599 2696 ao
644 2647 702 2706 etsi,
711 2647 891 2710 velsiquidem,
900 2643 1159 2710 quoniam,accipien·

9 2767 12 2776 ,
79 2723 498 2790 rismum...consuiemfuturum
511 2727 601 2775 dicate
646 2726 769 2784 dum,aut
781 2743 836 2773 cum
846 2725 923 2774 Periz.
933 2727 981 2790 leg.
995 2726 1055 2782 etsi,·
1065 2724 1140 2774 Drak.

78 2801 133 2848 Alii
150 2801 235 2865 legunt
250 2818 257 2850 ι
272 2803 381 2867 pletum
396 2805 599 2875 aerumma,
675 2807 765 2853 ‘nsua
788 2819 909 2870 unquam,
926 2821 958 2852 an
977 2819 1099 2868 unquam,
1117 2819 1162 2851 nn·

77 2891 108 2927 ut
120 2879 175 2927 haec
186 2883 254 2946 quasi
267 2883 310 2932 lex
323 2883 362 2930 sit.
377 2884 483 2930 Banerus
497 2883 603 2934 malebat
647 2901 766 2948 quamne,
775 2884 902 2950 anquando
915 2884 998 2948 (quod
1009 2881 1160 2948 indignantis

76 2971 164 3005 actum
179 2961 226 3008 erit
238 2973 262 3009 et
275 2961 376 3010 valebit.
384 2961 525 3025 -Ecquid
531 2963 601 3009 senti-
646 2974 682 3010 est
694 2974 718 3010 et
729 2963 892 3026 impatientis,
900 2963 939 3010 vel
949 2963 1021 3010 etiam
1031 2958 1160 3008 vehemen-

77 3037 126 3095 tis,
143 3037 202 3086 vid·
213 3040 244 3086 ad
257 3041 285 3097 1,
299 3055 330 3102 9,
344 3057 368 3087 n.
381 3035 404 3087 3.
644 3051 683 3088 ter
695 3040 804 3106 optantis
821 3055 866 3105 pm
883 3039 1115 3104 interrogationem,
1132 3049 1161 3088 ut

113 3125 142 3174 4.
154 3118 182 3165 u·
189 3117 328 3184 diuplacet
335 3119 430 3168 ironice
439 3130 463 3166 st
473 3135 529 3166 oum
539 3135 599 3168 eon-
644 3121 885 3186 pannormiam,
897 3135 936 3179 ιο,
944 3137 969 3168 n.
979 3121 1003 3180 53
1012 3123 1050 3179 X,
1061 3122 1084 3178 8,
1092 3137 1118 3168 n.
1130 3135 1159 3182 93

76 3208 177 3262 temptu
192 3211 266 3262 atque
279 3198 461 3263 improbatione
475 3197 524 3244 dici
536 3199 598 3247 solet
645 3201 710 3246 Duk.
719 3211 743 3247 et
753 3200 827 3247 Drak.
836 3199 868 3246 ad
877 3201 975 3260 XXIV,
985 3207 1030 3257 143
1041 3201 1119 3248 Gron.
1128 3198 1160 3246 ad

76 3291 147 3342 pro:
161 3278 231 3340 quod
241 3277 410 3326 stultisdmum
425 3288 478 3326 est:
493 3293 600 3340 german.
645 3280 731 3336 XXX,
740 3277 1156 3342 n1),cndinrsandoauditumesse,
1242 3283 1247 3292 '

75 3367 106 3402 so
118 3356 183 3404 Gott-
190 3356 243 3404 wilt
247 3360 259 3404 Ι
268 3377 280 3398 ι
287 3345 354 3404 inira
363 3357 487 3418 xxm,
497 3371 527 3415 a,
538 3373 563 3404 n.
575 3371 600 3418 7,
644 3357 707 3406 fama
715 3360 810 3405 tantiam
820 3357 893 3404 vohis
901 3357 1048 3408 innotuisse.

75 3433 162 3494 dixit,
174 3427 202 3483 nt
210 3451 257 3484 noa
266 3436 329 3494 iere,
341 3436 458 3482 Gottitrb!
465 3453 493 3484 so
502 3436 560 3484 weit
570 3437 601 3484 ist
680 3451 704 3498 7.
717 3435 831 3484 Patribus
844 3438 998 3495 auctoribus,
1015 3437 1074 3485 vida
1087 3433 1119 3483 ad
1132 3438 1159 3494 l,

76 3530 103 3560 es
115 3514 183 3561 doch
192 3516 352 3580 getommen:
360 3523 386 3579 at
395 3515 453 3571 XL,
471 3515 553 3572 13,n.
569 3531 598 3573 a,
647 3529 692 3576 17,
706 3533 729 3564 n.
745 3517 770 3564 6.

73 3605 141 3658 pror
153 3594 175 3640 si
188 3595 243 3656 quis
257 3591 580 3658 maderepotostuliausr.
649 3600 651 3604 '
679 3598 704 3644 8.
719 3593 775 3642 Non
784 3595 991 3653 romanu-modo,
1004 3595 1061 3652 sed,
1075 3603 1157 3642 stov.

115 3669 598 3736 5.St',etiamsi(v.adV‚5-r,n.1),
644 3675 812 3734 ad1,4o,n.
830 3691 851 3722 1.
1205 3733 1210 3742 ἕ

71 3743 382 3818 nonsartosoonmlaoes,
393 3758 601 3799 mneommenta·
680 3769 704 3815 9.
719 3754 853 3801 Damarati
868 3750 1086 3818 Corinthiifiiinm,
1102 3749 1159 3798 vids
1201 3748 1204 3756 '

71 3830 135 3888 rios,
145 3838 191 3880 se'u
196 3831 274 3880 libros
276 3830 422 3898 ponteficum
428 3830 482 3894 (seu
490 3829 600 3876 Annales
644 3833 712 3892 adl,
725 3833 770 3892 34,
781 3847 807 3882 n.
820 3849 844 3880 α.
852 3831 1003 3878 *Incolunt
1013 3829 1045 3876 ab
1056 3829 1158 3892 Tarqui.

75 3911 226 3968 Maximus,
236 3910 362 3974 inquibus
373 3910 488 3959 Pontifex
497 3909 601 3956 Maxim.
644 3909 750 3974 niiqqui
756 3909 788 3956 ab
794 3909 855 3958 urbe
860 3909 999 3972 Tarquiniis
1007 3908 1158 3956 domicilium

73 4002 118 4035 re·
130 4005 221 4036 omnes
234 3989 388 4053 singulorum
400 4005 520 4036 annorum
533 4003 601 4034 man·
645 4004 715 4036 sunm
728 3987 865 4037 contulerat
879 3989 991 4036 Romam.
1005 3987 1092 4034 Incola
1105 4003 1158 4036 non
1247 4017 1251 4024 ·

70 4067 153 4116 dabat
169 4068 262 4126 literis,
281 4067 312 4116 de
331 4081 380 4131 qno
400 4067 457 4115 vido
473 4069 552 4117 Cicer.
570 4067 602 4115 de
646 4077 683 4116 est
696 4067 763 4114 idom
776 4081 805 4114 ao
817 4065 887 4126 rivis,
902 4067 945 4132 qni
956 4067 1037 4132 legum
1052 4081 1158 4114 commn-
1208 4082 1210 4087 ¹

67 4147 147 4194 Orat.
165 4149 207 4206 Il,
225 4163 254 4194 ω
266 4181 273 4206 ,
286 4157 311 4196 ot
324 4147 387 4194 Geli.
403 4147 449 4207 tv,
462 4147 477 4194 5
484 4146 510 4212 ),
523 4148 600 4213 inspi-
645 4147 715 4195 nium
728 4145 828 4196 vinculo
840 4147 867 4196 in
879 4160 952 4196 unam
965 4147 1106 4196 societatem
1115 4162 1157 4198 eo·

68 4225 162 4274 oiondi
176 4225 254 4275 nobis
265 4237 376 4292 potestas
390 4227 468 4278 datur.
481 4227 516 4280 Τὸ
525 4228 547 4278 ri
554 4243 601 4293 pro
646 4224 702 4276 ivit.
713 4227 758 4274 En.
