2828 4968
83 426 213 528 2:512:
323 447 479 514 cisen
507 447 572 514 lv.
600 445 705 514 CAP.
737 445 800 512 lv.
828 447 871 516 V·
1090 454 1131 527 15

60 567 274 656 «nuberet,
297 590 343 637 ex
365 590 437 662 qua
456 579 583 663 pactus
604 579 697 636 esset
719 565 774 634 vir
795 565 926 654 dom0,
954 569 993 640 in
1010 577 1131 648 matri-

61 679 266 748 «monium
298 675 471 763 duceret3
495 674 533 746 id
557 699 621 746 vos
646 670 737 746 sub⁸
758 672 845 772 legis
870 677 1133 772 superbissima

60 819 75 853 «
96 787 244 860 vincula
261 785 454 880 conjicitis,
469 809 544 881 qua
559 783 732 856 dirimatis
750 786 957 858 societatem
973 791 1132 887 civilem,

62 929 76 962 «
97 898 265 994 duasque
287 921 333 968 ex
349 920 422 968 una
443 896 586 966 civitate
607 893 753 966 faciatis.
774 898 849 966 Cur
868 920 945 966 non
957 883 1131 996 sancitis,

62 1033 144 1080 «ne
170 1006 312 1081 vicinus
336 1006 487 1103 patricio
505 1006 549 1076 sit
568 1003 733 1102 plebeius
747 1005 761 1074 Ρ
775 1030 824 1076 ne
846 1006 976 1078 eodem
1003 1011 1131 1090 itinere

64 1150 79 1186 tt
98 1119 179 1190 eat?
201 1143 249 1190 ne
272 1116 369 1188 idem
389 1119 595 1188 convivium
617 1118 738 1190 ineat?
756 1143 802 1190 ne
826 1119 865 1190 in
890 1119 971 1194 foro
1001 1126 1131 1199 eodem

63 1257 79 1292 (ι
99 1228 297 1300 consistat?
314 1223 412 1318 Quid
428 1238 444 1288 ⁹
466 1227 563 1299 enim
581 1228 677 1298 inre
700 1241 753 1298 est
773 1227 887 1318 aliud,
905 1233 934 1302 si
952 1233 1131 1329 plebeiam

64 1339 269 1434 «patricius
290 1336 451 1428 duxerit,
471 1339 500 1411 si
522 1339 709 1435 patriciam
730 1337 921 1435 plebeius?
935 1345 1025 1439 quid
1039 1347 1131 1440 juris

64 1477 80 1511 «
99 1445 246 1520 tandem
259 1449 441 1520 mutatur?
453 1472 585 1544 nempe
599 1460 990 1546 patrem¹⁰sequuntur
1003 1455 1129 1530 liberi:

65 1585 79 1619 tt
99 1581 186 1646 nec,
204 1556 307 1654 quod
327 1581 395 1628 nos
416 1583 461 1630 ex
479 1557 665 1630 connubio
681 1574 801 1631 vestro
817 1576 1005 1658 petamus,
1021 1568 1129 1664 quid·

65 1696 80 1730 s
98 1692 207 1763 quam
239 1681 313 1755 est,
341 1680 582 1764 praeterquam
611 1681 652 1738 ut
682 1668 901 1760 hominum,
924 1687 965 1744 ut
996 1677 1129 1748 civium

65 1765 253 1850 «numero
268 1779 397 1850 simus:
414 1803 499 1868 nec,
519 1803 602 1865 vos,
618 1779 687 1848 nisi
702 1779 741 1848 in
755 1782 1013 1854 contumeliam
1027 1787 1127 1882 igno·

66 1918 81 1952 a
98 1913 320 1985 miniamque
337 1903 499 1960 nostram
519 1902 655 1960 certare
670 1889 790 1984 juvat,
808 1891 910 1988 quod
931 1897 1128 1968 contenda·

66 2027 81 2064 a
98 2000 158 2088 tis,
181 1999 386 2096 quidquam
403 2014 467 2070 est.

107 2140 123 2174 tt
142 2115 183 2183 V
221 2112 390 2207 Denique
417 2123 541 2180 utrum
565 2108 713 2180 tandem
737 2112 865 2208 populi
887 2118 1050 2205 romani,
1080 2143 1127 2190 an

65 2236 253 2294 «vestrmn
273 2245 458 2294 summurn
481 2220 673 2317 imperium
690 2222 771 2292 est?
788 2223 946 2318 Regibus
969 2229 1127 2318 exactis,

66 2358 82 2392 «
100 2343 223 2398 utrum
239 2330 344 2400 vobis
360 2329 577 2417 dominatio,
594 2354 640 2399 an
657 2330 848 2402 omnibus¹
866 2357 968 2428 aequa
981 2334 1127 2407 libertas

66 2453 199 2535 «parta
220 2442 292 2512 est?
311 2453 457 2538 oportet
483 2439 591 2510 licere
612 2441 750 2536 populo
778 2465 948 2530 romano,
974 2445 1003 2514 si
1020 2446 1125 2532 velit,

66 2549 223 2643 «jubere
247 2551 375 2650 legem.
399 2554 475 2640 An,
498 2564 540 2622 ut
564 2573 720 2647 quaeque
737 2553 878 2648 rogatio
898 2554 1127 2654 promulgata

66 2687 80 2722 <t
98 2663 183 2748 erit,
203 2687 268 2736 vos
286 2662 468 2736 delectum
490 2685 559 2758 pro
581 2685 692 2758 poena
714 2659 941 2764 decernetis?
962 2679 998 2736 et
1020 2668 1127 2740 simul

65 2796 162 2868 «ego
180 2773 352 2847 tribunus
367 2797 496 2845 vocare
522 2771 671 2844 tribus
662 2799 701 2842 m
726 2771 939 2896 suffragium
961 2799 1125 2904 coepero;

65 2909 78 2944 α
97 2895 135 2951 tu
155 2885 277 2954 statim
299 2883 426 2954 consul
445 2899 669 2954 sacramento
688 2884 851 2977 juniores
870 2884 1009 2983 adiges,
1029 2904 1065 2959 et
1086 2891 1125 2961 in

65 3019 79 3051 ι(
99 3007 210 3063 castra
231 2991 388 3064 educes?
413 3007 450 3064 et
475 2991 672 3064 minaberis
700 2991 820 3116 plebi,
843 2994 1038 3068 minaberis
1060 3003 1123 3070 tri-

65 3130 79 3162 «
96 3100 221 3174 buno?
241 3102 414 3192 Quid²,
388 3127 417 3172 si
432 3128 508 3173 non
520 3115 724 3200 ,quantum
740 3103 814 3173 istae
831 3103 937 3173 minae
954 3106 1124 3180 adversus

66 3239 80 3274 (ι
97 3211 210 3308 plebis
232 3238 451 3286 consensum
469 3211 650 3301 valerent,
665 3211 721 3284 bis
735 3212 809 3306 jam
822 3217 962 3312 experti
980 3219 1125 3290 essetis?
1173 3222 1180 3232 '

66 3348 79 3384 r
97 3323 245 3412 scilicet,
260 3325 348 3422 quia
364 3324 471 3395 nobis
490 3325 697 3396 consultum
717 3323 911 3414 volebatis,
928 3331 1124 3401 certamine

96 3502 117 3548 8.
129 3503 177 3550 aas
190 3502 250 3569 legis
258 3537 264 3550 .
272 3536 278 3549 .
287 3537 309 3550 ..
322 3503 424 3550 vincula
435 3503 566 3567 conjicitis,
612 3501 698 3561 moda,
711 3502 882 3566 suffragiorum
893 3503 1063 3566 ferendorum,
1074 3523 1124 3555 om-

65 3577 159 3629 viacnlis
169 3582 299 3644 subjicitis.
309 3583 372 3631 Pro:
384 3582 409 3628 in
417 3581 531 3638 vincula,
541 3593 570 3630 ut
612 3583 681 3628 nium
695 3581 817 3629 honorum
834 3582 1009 3646 petendorum,
1022 3597 1069 3634 etc.
1086 3585 1124 3635 Cf.

65 3657 105 3708 ὐπὸ
118 3681 163 3726 pro
178 3663 224 3725 εἰςς
242 3665 301 3714 Em.
613 3661 709 3708 Ernesti
721 3661 782 3708 clav.
796 3661 848 3709 Cic.
862 3661 919 3709 vide
931 3663 1036 3710 libertas.

96 3753 119 3798 9·
133 3741 197 3802 Quid
207 3741 272 3788 enim
284 3739 482 3797 ἰηνειεεαὶὶιιᾰ,
492 3751 520 3787 ut
531 3743 569 3800 Χ,
649 3755 673 3786 a.
689 3739 816 3801 Quidni,
829 3749 876 3786 etc.
889 3739 952 3804 (wie
963 3741 1049 3806 werin)
1061 3755 1122 3806 pro:

70 3815 96 3874 8,
108 3831 130 3865 ι.
146 3835 190 3880 10,
202 3832 227 3869 et
241 3823 296 3870 sen.
309 3821 355 3885 Ep.
371 3819 428 3867 116.
613 3818 675 3882 quid
685 3818 798 3866 diceretis
807 3818 961 3876 iacentum,
971 3819 994 3866 si
1003 3835 1065 3875 nou,
1076 3831 1123 3868 ete.

101 3910 135 3943 10.
147 3901 246 3948 Patrem
256 3911 390 3966 sequuntur
401 3897 481 3954 liberi,
494 3897 521 3944 hi
528 3897 569 3958 ju·
612 3896 675 3959 (wie
691 3901 758 3944 mitre
772 3911 812 3952 es,
830 3893 913 3959 wenta)
929 3908 957 3944 ut
976 3899 1028 3956 tx,
1044 3899 1074 3946 18
1091 3900 1123 3951 sl.

69 3979 569 4044 ra,gentemconditionemquepau·is,non
612 3976 708 4024 Ernesti
721 3973 812 4038 quidsi
820 3987 867 4037 pro
881 3975 954 4036 quasi
966 3975 1072 4037 dictum,
1083 3979 1124 4028 vel

68 4056 155 4115 matris,
168 4059 301 4124 accipiunt.
612 4055 647 4102 ita
660 4054 790 4120 legendum
801 4051 1002 4116 putabar—Bis
1009 4055 1067 4122 jam
1079 4074 1122 4105 ea·-

98 4134 153 4184 Csr.
165 4140 197 4186 V.
215 4155 237 4186 r.
256 4139 371 4187 Omnibus
386 4137 481 4186 civibus
497 4153 570 4202 oequa
608 4133 677 4202 perti
687 4133 778 4190 essen's,
794 4131 896 4191 ridell,
916 4133 962 4193 55,
980 4145 1004 4183 et
1017 4138 1069 4197 111,
1083 4152 1122 4186 11.

70 4209 155 4262 titanas
169 4230 261 4280 parta,
284 4218 368 4266 eadem
385 4219 440 4278 jura
461 4229 485 4265 et
503 4233 569 4265 com·
614 4213 748 4262 --Scib'cct
759 4213 883 4282 εἰρωνικῶς
896 4223 1010 4262 etmare
1021 4215 1122 4274 dicitur,
