2828 4968
250 471 293 518 ιι)
446 551 450 560 Ι
674 457 713 524 r.
746 455 884 527 alvu
1161 437 1287 542 ltili:

245 603 262 638 ιι
280 573 362 666 jure
376 595 417 642 ac
431 573 615 666 majestate
629 575 811 675 adempta,
822 579 962 649 animos
973 578 1079 649 etiarn
1092 581 1315 678 eripuerint?

246 711 263 746 ιι
285 683 461 753 Consules
471 698 614 779 paratos
625 709 702 756 esse
715 687 827 758 duces
841 689 941 786 prius
955 687 1125 760 adversus
1138 691 1255 762 scelus
1270 692 1316 762 ci·

246 819 264 854 ιι
284 791 405 882 vium,
426 815 536 888 quam
555 793 725 868 adversus
745 797 906 868 hostiurn
927 821 1071 868 arma.»

294 905 356 972 ΙΙΙ.
381 906 504 993 Quum
527 906 681 977 maxime
702 907 778 978 haec
804 909 843 978 in
864 921 992 980 senatu
1011 922 1224 1005 agerentur,
1243 883 1314 980 'Ca-

245 1011 391 1082 nuleius
407 1036 475 1110 pro
492 1011 632 1111 legibus
646 1017 719 1087 suis
741 1033 778 1088 et
795 1016 966 1088 adversus
984 1018 1151 1089 consules
1171 1019 1221 1090 ita
1244 1016 1315 1088 dis·

247 1123 382 1192 seruit:
412 1128 681 1223 «Quantopere
708 1151 795 1215 vos,
827 1129 1010 1217 Quirites,
1036 1141 1316 1199 contemnerent
1407 1135 1408 1162 l

247 1237 426 1322 «Patres,
452 1259 562 1332 quam
587 1238 757 1336 indignos
781 1238 975 1328 ducerent,
1004 1241 1069 1336 qui
1090 1263 1164 1308 una
1190 1261 1315 1309 secum

247 1343 377 1416 «urbe
396 1346 637 1419 intraeadem
663 1351 798 1420 moenia
816 1351 1004 1434 viveretis,
1028 1371 1120 1448 saepe
1143 1347 1315 1446 equidem

231 1533 233 1543 Α
248 1479 265 1516 e
286 1467 323 1523 et
337 1469 421 1525 ante
435 1457 560 1528 videor
573 1459 886 1544 animadvertisse;
901 1481 1000 1530 nunc
1010 1474 1131 1531 tamen
1141 1461 1314 1542 maxime,

248 1591 265 1625 α
287 1564 388 1659 quod
409 1565 500 1638 adeo
520 1579 657 1640 atroces
672 1572 710 1639 in
730 1569 794 1641 has
810 1572 1017 1667 rogationes
1036 1569 1316 1641 nostras-coorti

250 1701 267 1736 «
288 1689 382 1745 sunt.
406 1677 547 1766 Quibus
566 1679 677 1775 quid¹
700 1680 798 1751 aliud
817 1703 927 1777 quam
945 1681 1202 1768 admonemus,
1221 1680 1317 1750 cives

248 1813 265 1847 ιι
286 1809 355 1856 nos
379 1811 506 1858 eorum
530 1814 625 1879 esse,
645 1805 700 1878 et,
727 1792 852 1862 sinon
874 1789 1017 1862 easdem
1042 1813 1133 1887 opes
1156 1786 1316 1876 babere,
1408 1873 1409 1890 χ

248 1925 266 1962 ιι
289 1899 453 1970 eamdem
481 1916 602 1974 tamen
630 1903 783 2000 patriam
813 1902 996 1972 incolere?
1021 1900 1143 1971 Altera
1172 1921 1315 1969 connu-

249 2037 266 2072 «
288 2007 390 2080 bium
407 2013 584 2106 petimus,
603 2012 704 2109 quod
724 2011 886 2096 finitimis
908 2012 1141 2107 externisque
1160 2007 1240 2078 dari
1257 2031 1319 2079 so·

249 2118 338 2188 «let
351 2145 362 2187 :n
382 2141 451 2189 nos
478 2122 627 2217 quidem
653 2123 852 2209 civitatem,
877 2145 959 2218 quae
984 2121 1068 2218 plus
1092 2141 1202 2214 quam
1226 2141 1320 2192 con·
1408 2159 1409 2178 ι

249 2255 265 2291 ιι
288 2226 443 2299 nubium
467 2246 536 2320 est,
558 2231 726 2302 hostibus
750 2234 858 2302 etiam
876 2233 979 2302 victis
997 2229 1175 2302 dedimus.
1196 2227 1319 2300 Altera
1408 2243 1409 2250 ’

249 2367 266 2402 ιι
287 2338 378 2410 nihil
400 2341 485 2411 novi
502 2340 668 2431 ferimus;
688 2341 752 2413 sed
772 2341 830 2431 id,
851 2341 953 2439 quod
973 2340 1103 2439 populi
1125 2350 1198 2423 est,
1218 2361 1320 2435 repe-

249 2477 266 2513 «
286 2450 397 2522 timus
417 2465 527 2548 atque
544 2477 782 2549 usurpamus:
803 2468 863 2536 ut,
885 2451 1021 2548 quibus
1037 2451 1139 2538 velit,
1158 2447 1321 2546 populus

249 2587 265 2623 ιι
285 2583 458 2630 romanus
484 2561 643 2631 honores
665 2561 822 2630 mandet.
849 2561 970 2649 Quid²
989 2560 1138 2628 tandem
1160 2571 1232 2642 est,
1251 2576 1321 2624 cur

249 2696 266 2733 ιι
288 2668 414 2738 caelum
429 2693 469 2740 ac
486 2683 599 2740 terras
612 2669 812 2742 misceant?
827 2691 893 2738 cur
907 2669 946 2738 in
962 2691 1021 2740 me
1035 2667 1193 2765 impetus
1207 2661 1320 2734 modo

249 2807 267 2842 ι
289 2801 393 2874 paene
410 2780 449 2848 in
467 2793 595 2848 senatu
614 2779 660 2848 sit
678 2776 817 2849 factus?
835 2792 971 2874 negent
989 2801 1027 2849 se
1045 2775 1213 2848 manibus
1230 2788 1321 2846 tem-

250 2915 268 2951 «
288 2903 498 2986 peraturos,
517 2889 794 2986 ¹violaturosque
815 2887 1034 2960 denuntient
1057 2899 1321 2959 sacrosanctam
1409 2969 1410 2974 ἵ

250 3029 268 3064 ιι
290 3003 528 3098 potestatem?
546 3003 582 3072 Si
600 3001 740 3099 populo
759 3023 912 3072 romano
931 2998 1087 3070 liberum
1108 2995 1322 3094 suffragium
1409 3087 1410 3090 Ἴ

250 3139 267 3173 a
289 3110 406 3194 datur,
419 3125 477 3198 ut,
494 3111 628 3210 quibus
644 3111 748 3200 velit,
764 3110 993 3182 consulatum
1007 3108 1175 3198 mandet,
1193 3123 1231 3179 et
1244 3130 1322 3177 non

251 3250 268 3284 ι
290 3221 499 3317 praeciditur
517 3248 599 3321 spes
621 3222 766 3320 plebeio
785 3244 952 3318 quoque,
972 3220 1002 3290 si
1024 3217 1155 3313 dignus
1178 3241 1323 3290 summo

251 3329 431 3403 «honore
455 3334 541 3424 erit,
566 3333 748 3434 apiscendi
771 3331 902 3402 summi
924 3328 1092 3416 honoris,
1116 3342 1211 3398 stare
1234 3325 1324 3397 urbs

251 3466 269 3505 «
289 3439 366 3512 haec
383 3467 459 3514 non
476 3445 631 3541 poterit?
645 3443 690 3514 de
707 3439 861 3541 imperio
879 3452 999 3510 actum
1017 3438 1089 3510 est?
1103 3433 1160 3510 et³
1171 3435 1323 3537 perinde

251 3583 268 3618 «
289 3551 361 3624 hoc
377 3553 488 3642 valet,
506 3554 719 3654 plebeiusne
740 3549 868 3624 consul
886 3549 968 3642 fiat,
985 3566 1163 3648 unquam
1178 3573 1325 3624 servum

287 3739 349 3788 Car.
364 3739 411 3786 111.
429 3753 450 3786 r.
467 3737 535 3800 Quid
547 3737 620 3786 aliud
629 3751 705 3802 m
717 3736 763 3784 ad-
808 3735 865 3784 vide
875 3735 908 3783 ad
919 3734 1032 3784 suvant.
1043 3736 1082 3792 ll,
1092 3735 1201 3782 abe—Se
1212 3733 1326 3782 naides

252 3835 388 3877 mamm,
399 3818 457 3866 vida
470 3817 502 3865 ad
514 3820 553 3877 11,
567 3819 598 3876 8,
611 3832 637 3864 n.
651 3818 764 3878 9.-At
809 3827 996 3880 temperamus,
1006 3813 1065 3860 vide
1073 3813 1105 3860 ad
1113 3815 1152 3873 11,
1162 3814 1210 3872 2³,
1223 3829 1248 3860 n.
1259 3814 1327 3859 dr·-

253 3909 306 3945 tera
314 3899 460 3946 mulium
465 3897 571 3962 panim
579 3931 586 3946 .
642 3896 763 3953 dedimus,
808 3897 874 3943 llox
881 3895 903 3942 si
910 3893 999 3957 ὤμω
1006 3891 1263 3947 malcomum,
1274 3889 1327 3953 api·

252 3975 310 4023 vide
319 3977 350 4024 ad
359 3979 436 4039 vm,
449 3986 527 4038 ιω.
540 3975 650 4041 9‚quod
649 3975 765 4044 finitimis
809 3973 892 4022 eundi
909 3971 977 4036 (ant.
992 3986 1038 4035 pro
1053 3969 1224 4035 adierimli)
1237 3967 1328 4018 summi

253 4069 360 4118 quoqne.
810 4051 924 4108 Ιιοπονὶι,
937 4049 995 4098 vide
1007 4050 1039 4097 ad
1052 4053 1079 4108 1,
1094 4051 1123 4110 ³,
1133 4067 1159 4096 n.
1175 4052 1200 4098 Β.

290 4149 316 4182 a.
330 4135 501 4196 Quidcanaem
512 4147 548 4183 eat
560 4134 601 4200 (v.
613 4133 764 4194 ad111,6t,
846 4131 870 4178 3,
881 4128 1024 4193 Btpenitde
1035 4128 1082 4178 too
1092 4129 1176 4186 valet,
1188 4143 1249 4176 m
1259 4127 1328 4176 idm

244 4223 278 4264 ἠ.
295 4211 337 4279 ι),
347 4228 391 4260 eur
402 4213 488 4263 cetum
501 4229 532 4261 ae
546 4223 622 4262 unca
634 4213 764 4270 misceant,
810 4220 862 4270 est,
880 4209 902 4258 si
922 4208 1009 4275 aliquia
1030 4208 1106 4269 dicit,
1118 4207 1275 4272 plebeium,
1295 4221 1328 4255 ur
1409 4267 1410 4274 ἵ

844 4495 856 4552 l
