2828 4968
290 445 334 518 30
706 443 745 510 T.
778 443 917 512 mvn
1136 417 1324 523 tettan

212 637 216 646 ,
282 566 525 669 temporibus,
539 563 728 663 predives,
743 589 821 635 rem
836 565 981 652 utilem,
995 563 1150 662 pessimo
1165 564 1348 662 exemplo,

283 683 408 781 pejore
429 677 600 766 consilio,
619 687 674 746 est
692 698 902 772 aggressus:
924 673 1108 746 frumento
1125 699 1284 772 namque
1306 700 1351 746 ex

284 792 427 865 Etruria
453 789 591 885 privata
614 787 768 883 pecunia
791 810 857 884 per
879 785 1065 884 hospitum
1092 783 1351 881 clientiumque

282 903 481 975 ministeria
499 913 667 996 coempto
683 897 803 994 (quae,
825 897 953 986 credo,
972 899 1049 996 ipsa
1068 907 1146 967 res¹
1167 895 1211 966 ad
1230 895 1349 966 levan-

284 1015 368 1086 dam
400 1010 546 1110 publica
579 1031 666 1080 cura
696 1031 880 1078 annonam
907 1007 1168 1104 impedimento
1192 1003 1349 1103 fuerat),

280 1125 487 1221 largitiones
512 1120 685 1193 frumenti
706 1119 822 1191 facere
843 1121 997 1190 instituit
1021 1118 1258 1220 plebemque,
1279 1118 1350 1191 hoc

281 1259 435 1306 munere
448 1233 657 1318 delenitam,
672 1253 904 1329 quacumque
917 1230 1119 1318 incederet,
1136 1245 1350 1328 conspectus

282 1347 471 1441 elatusque
492 1365 601 1440 supra
622 1341 774 1412 modum
791 1340 949 1410 hominis
967 1341 1113 1438 privati,
1134 1363 1256 1410 secum
1280 1354 1349 1409 tra·

283 1455 389 1542 here,
405 1452 503 1524 haud
519 1451 671 1522 dubium
686 1451 913 1522 consulatum
929 1447 1050 1520 favore
1063 1475 1104 1520 ac
1116 1474 1179 1547 spe
1192 1449 1350 1547 despon-

283 1567 443 1639 dentem.
477 1571 584 1662 Ipse,
608 1577 650 1632 ut
676 1576 731 1632 est
759 1561 940 1632 humanus
971 1562 1112 1632 animus
1141 1559 1349 1630 insatiabilis

282 1703 328 1749 eo
357 1675 459 1773 quod
487 1671 633 1745 fortuna
662 1673 836 1770 spondet,
865 1671 911 1742 ad
939 1671 1066 1742 altiora
1092 1685 1130 1743 et
1154 1695 1231 1740 non
1261 1697 1349 1744 con-

284 1809 383 1858 cessa
407 1785 581 1856 tendere:
604 1797 656 1871 et,
676 1785 849 1880 quoniam
877 1782 1085 1853 consulatus
1110 1804 1259 1879 quoque
1287 1785 1351 1854 eri-

284 1897 439 1996 piendus
463 1897 584 1966 invitis
604 1895 770 1967 Patribus
794 1908 903 1979 esset,
924 1893 970 1966 de
994 1919 1109 1992 regno
1135 1897 1291 1992 agitare:
1314 1893 1350 1965 id

283 2029 400 2076 unum
420 2007 571 2104 dignum
595 2019 698 2076 tanto
723 2018 898 2102 apparatu
921 2005 1155 2075 consiliorum
1181 2019 1217 2076 et
1241 2019 1351 2076 certa-

282 2119 422 2208 mine²,
450 2117 551 2214 quod
577 2118 705 2215 ingens
736 2107 987 2218 ¹exsudandum
1020 2131 1133 2206 esset,
1162 2117 1350 2214 praemium

283 2227 373 2300 fore.
390 2233 409 2298 J
411 2253 468 2298 am
483 2228 626 2298 comitia
643 2227 845 2298 consularia
858 2225 1041 2298 instabant
1055 2253 1063 2296 τ
1079 2251 1233 2324 quaeres
1247 2253 1349 2318 eum,

281 2339 440 2410 necdum
463 2339 670 2436 compositis
690 2339 882 2409 maturisve
901 2339 984 2409 satis
1002 2337 1178 2426 consiliis,
1197 2361 1351 2436 oppres-

282 2451 340 2521 sit.
367 2451 505 2521 Consul
526 2464 668 2521 sextum
690 2454 889 2552 creatus'T.
911 2451 1083 2540 Quintius
1105 2445 1350 2546 Capitolinus,

282 2561 432 2630 minime
451 2573 681 2656 opportunus
700 2561 753 2627 vir
768 2559 917 2628 novanti
937 2585 1021 2630 res:
1047 2559 1185 2657 collega
1205 2555 1352 2628 additur

282 2669 316 2739 ei
333 2669 490 2764 Agrippa
511 2667 720 2754 MeneniuS,
739 2668 797 2736 cui
817 2672 953 2738 Lanato
976 2683 1052 2740 erat
1072 2694 1297 2767 cognomen:
1316 2683 1351 2740 et

281 2783 323 2849 L.
354 2778 535 2846 Minucius
559 2774 750 2873 praefectus
776 2801 950 2867 annonae,
974 2803 1039 2850 seu
1065 2779 1240 2868 refectus,
1266 2803 1350 2868 seu,

283 2885 404 2986 quoad
422 2911 479 2957 res
497 2899 679 2983 posceret,
696 2887 733 2957 in
750 2884 952 2960 incertum3
971 2905 1130 2962 creatus:
1145 2889 1235 2962 nihil
1254 2891 1350 2962 enim

282 3012 441 3086 constat,
457 2997 526 3067 nisi
548 2999 586 3067 in
608 2995 721 3067 libros
743 2999 875 3071 linteos
895 3015 1053 3098 utroque
1076 3026 1174 3072 anno
1195 3000 1352 3072 relatum

284 3110 379 3178 inter
391 3110 619 3205 magistratus
632 3107 792 3206 praefecti
808 3135 954 3182 nomen.
972 3115 1038 3184 Hic
1050 3114 1248 3201 Minucius,
1262 3138 1351 3184 eam·

284 3217 393 3306 dem-t
413 3217 558 3314 publice
579 3221 804 3290 curationem
828 3246 955 3320 agens,
977 3247 1087 3318 quam
1109 3223 1248 3294 Maelius
1273 3225 1351 3320 pri-

320 3415 382 3462 Gtr.
394 3413 468 3462 ΙΙΙΙΙ.
484 3429 506 3461 1.
523 3415 583 3478 Ipsa
596 3429 647 3461 res.
658 3447 664 3462 .
675 3450 681 3462 .
691 3415 792 3479 impedi·
836 3416 980 3464 tentandum
989 3428 1014 3466 et
1022 3417 1216 3476 conficiendum
1224 3431 1253 3469 ut
1258 3420 1351 3486 passim

282 3504 362 3540 mento
368 3491 471 3558 ficerat,
488 3491 567 3556 quod,
580 3493 633 3540 scil.
645 3493 793 3542 frumentum
837 3495 1283 3566 ermeneumata—Compositis
1293 3515 1352 3548 con·

284 3588 357 3620 omne
369 3573 438 3636 prius
449 3569 480 3618 ab
493 3585 523 3618 eo
539 3571 641 3636 privatis
657 3571 794 3637 sumptibus
837 3573 897 3622 siliis
906 3609 914 3633 ‚
936 3577 994 3626 vide
1011 3579 1042 3626 ad
1059 3580 1113 3638 111,
1131 3579 1178 3638 5³,
1197 3596 1223 3628 n.
1244 3582 1351 3626 22—12.

283 3661 425 3716 coemptum
438 3661 514 3710 esset,
523 3662 548 3698 et
557 3651 619 3698 nihil
631 3652 742 3699 relietum
750 3669 795 3718 pu·
838 3654 959 3702 Maturius
978 3658 1134 3720 Augurinus,
1149 3659 1193 3721 qui
1210 3661 1239 3705 Ρ,
1259 3656 1352 3706 dicitur

283 3732 348 3780 bllce
359 3731 516 3796 coempturls.
524 3755 559 3766 -—
567 3731 722 3795 Conspectus,
737 3731 795 3780 vide
838 3733 900 3782 Plin.
913 3737 1036 3794 XXXIV,
1046 3736 1071 3794 5,
1080 3748 1105 3785 et
1117 3738 1143 3784 T.
1151 3737 1273 3785 Minucius
1284 3738 1313 3787 0.
1323 3740 1351 3786 F.

284 3811 316 3858 ad
330 3813 370 3870 ΙΙ,
383 3811 398 3858 5
406 3843 413 3870 ,
427 3826 452 3857 n.
466 3811 489 3857 8.
499 3809 731 3876 -Despondentem
745 3811 796 3876 ple·
839 3813 865 3861 in
877 3814 977 3862 denario
991 3815 1098 3878 quodam
1109 3827 1214 3865 vetusto.

282 3890 358 3949 bem,
376 3887 555 3955 spondentem,
571 3889 748 3949 destinantem,
766 3901 795 3938 ut
875 3893 899 3940 3.
910 3895 940 3939 ln
951 3892 1067 3940 incertum
1076 3907 1185 3954 manis,
1198 3911 1233 3944 sc.
1243 3907 1351 3960 tempus.

283 3971 386 4029 XXVI,
401 3971 443 4030 37,
457 3986 482 4018 n.
497 3986 521 4016 α.
570 3976 573 3980 ’
838 3974 911 4017 -In
923 3971 995 4019 libros
1008 3973 1108 4032 linteos,
1121 3993 1145 4023 v.
1157 3975 1189 4022 nd
1200 3991 1221 4022 c.
1233 3991 1258 4034 7,
1270 3992 1296 4023 n.
1310 3993 1333 4036 7.

320 4063 344 4095 α.
354 4047 504 4108 certamine,
513 4049 582 4114 qnod
589 4050 683 4116 ingens,
692 4061 794 4114 erepto
876 4057 900 4105 4.
915 4051 1035 4100 tamdem
1045 4087 1052 4100 .
1063 4089 1087 4102 ..
1101 4055 1252 4102 curationem
1264 4071 1350 4120 agens,

284 4127 416 4174 certamine
428 4128 532 4193 ingenti,
548 4129 617 4192 quod
625 4129 794 4176 exsudandum
837 4128 863 4177 h.
874 4145 896 4176 e.
906 4129 1008 4196 publicu
1017 4133 1129 4192 nomine,
1138 4134 1271 4199 mandato,
1285 4151 1352 4182 stm-

287 4217 360 4264 esset‚
374 4206 452 4254 multo
465 4207 570 4266 sudore,
578 4205 631 4256 scil.
645 4205 729 4256 labore
741 4225 794 4257 sus-
838 4219 884 4272 ptu
892 4213 1073 4262 etauctoritate.
1079 4215 1115 4262 lu
1121 4215 1211 4277 legitur
1217 4231 1249 4270 ex
1254 4213 1350 4263 emend.
