2828 4968
1173 393 1197 437 Α,
1210 389 1232 428 G.
1245 391 1288 436 434.

1172 453 1199 491 U.
1209 453 1232 492 C.
1248 454 1290 492 ert.

259 423 305 507 aa
683 419 722 486 r.
755 416 894 487 mvn

258 544 378 629 nales,
398 539 572 638 quodque
595 539 868 635 magistratuum
893 531 996 622 libri,
1026 557 1119 630 quos
1134 533 1264 602 linteos
1278 533 1312 598 in

257 651 524 748 aederepositos
541 653 697 720 Monetae
712 653 833 718 Macer
848 647 1006 718 Licinius
1023 646 1107 714 citat
1122 641 1312 714 identidem

258 777 441 846 auctum,
465 785 566 830 nono
587 774 669 856 post
698 759 846 829 demum
871 782 968 840 anno
995 780 1077 826 cum
1104 759 1143 824 T.
1170 753 1311 844 Quintio

257 881 381 946 Penno
395 875 435 942 A.
448 870 657 941 Cornelium
677 873 827 940 Cossum
844 866 1030 938 consulem
1049 863 1227 951 habeant,
1245 861 1311 933 exi·

258 970 413 1055 stimatio
429 983 631 1056 communis
647 979 818 1052 omnibus
836 995 889 1050 est
906 1007 913 1048 :
931 1001 1015 1078 nam
1031 977 1138 1044 etiam
1155 972 1243 1052 illud
1259 996 1311 1041 ac-

258 1094 372 1181 cedit,
391 1119 437 1163 ne
457 1108 530 1162 tam
554 1091 649 1160 clara
673 1115 796 1187 pugna
812 1091 851 1159 in
874 1083 959 1160 eutii
977 1109 1114 1155 annum
1135 1079 1312 1152 transferri

257 1218 392 1303 posset,
411 1201 512 1299 quod
529 1198 674 1270 imbelle
689 1201 886 1270 triennium
899 1195 1010 1268 ferme
1024 1193 1228 1292 pestilentia
1242 1192 1311 1260 ino-

259 1315 390 1412 piaque
398 1312 542 1410 frugum
556 1313 648 1381 circa
660 1314 699 1379 A.
715 1309 923 1381 Cornelium
937 1304 1124 1378 consulem
1134 1301 1202 1371 luit
1212 1327 1219 1368 :
1230 1299 1311 1369 adeo

258 1438 299 1493 ut
311 1418 480 1519 qnidam⁸
491 1420 654 1507 annales,
666 1417 923 1505 velutfunesti‚
934 1416 1020 1488 nihil
1036 1411 1312 1513 praeternomina

259 1532 450 1604 consulum
459 1530 661 1627 subgerant.
671 1527 888 1600 Tertius9ab
896 1525 1087 1598 consulatu
1095 1521 1197 1594 Cossi
1206 1542 1312 1589 annus

258 1642 447 1714 tribunum
462 1665 545 1712 eum
565 1640 718 1738 militum
733 1637 916 1708 consulari
930 1647 1108 1732 potestate
1123 1629 1312 1715 habet3eo·

259 1753 341 1824 dem
356 1777 453 1824 anno
473 1751 684 1848 magistrum
708 1751 872 1846 equitum
887 1774 894 1816 :
912 1770 987 1842 quo
1008 1745 1047 1814 in
1064 1741 1216 1839 imperio
1234 1739 1311 1808 alte-

261 1955 386 2018 utriusque
413 1958 514 2002 extremi
535 1955 655 2002 rationem
680 1951 769 1998 habeat
813 1965 867 1996 rum
882 1947 995 1994 involvit,
1010 1949 1099 1994 Sensus
1112 1954 1163 1990 est:
1176 1942 1248 1989 Dicat
1258 1941 1314 1987 forte

261 2032 343 2097 (quod
367 2035 440 2081 etiam
460 2034 573 2082 observat
597 2031 718 2080 Dodwell.
739 2030 769 2075 de
813 2027 915 2089 aliquis,
927 2027 1015 2072 claram
1028 2025 1094 2070 illam
1107 2036 1214 2086 pugnam
1226 2019 1252 2066 in
1264 2035 1312 2066 ann.

258 2112 499 2176 oyelistliss.X,seu
506 2110 769 2178 xxvt),faciendum
813 2105 874 2152 Urb.
893 2104 966 2151 nond.
984 2104 1033 2150 328
1050 2099 1242 2150 transferendam
1254 2113 1313 2156 esse,

259 2190 290 2240 ab
308 2191 356 2238 hoo
375 2193 430 2256 ipso
450 2209 514 2240 auno
532 2193 593 2240 Urb.
612 2192 685 2240 cond.
701 2193 767 2251 3173
814 2199 863 2246 quo
877 2185 968 2232 Cossus
981 2193 1005 2230 et
1021 2183 1134 2230 tribunus
1146 2181 1265 2235 militum,
1277 2175 1315 2223 sod

258 2269 323 2316 unde
333 2287 429 2318 αιτιοι
438 2272 520 2318 tertius
529 2273 561 2318 ab
568 2272 695 2318 consulatu
702 2270 769 2317 Cossi
812 2263 934 2310 consulari
945 2273 1079 2327 potestate,
1091 2262 1152 2318 fuit,
1165 2259 1283 2320 simulque
1292 2256 1316 2301 ii-

173 2335 176 2342 ’
258 2355 336 2387 annus
345 2341 490 2389 tribunum..
500 2377 507 2390 .
517 2341 590 2388 habet
598 2359 607 2388 .·
615 2359 672 2388 nam
681 2341 767 2390 consul
812 2341 868 2389 dem
874 2343 990 2390 Veientes
998 2340 1173 2402 Fidenatesque
1182 2335 1315 2384 eorumdem

194 2410 200 2427 ¹
257 2419 304 2467 tuit
315 2437 353 2466 an.
363 2420 510 2470 Urbeond.
523 2422 572 2468 326
584 2421 626 2484 (v.
636 2437 688 2484 cap.
703 2419 767 2484 30),
813 2421 911 2480 ducum,
918 2423 994 2468 Mam.
1002 2419 1092 2466 AEmilii
1100 2417 1228 2465 dictatoris
1235 2427 1259 2463 et
1265 2417 1316 2462 Cos·

258 2510 283 2546 et
289 2499 402 2546 tribunus
408 2501 514 2546 militum
520 2515 587 2548 cons.
597 2511 718 2563 potestate
725 2515 767 2546 an-

258 2591 292 2622 no
307 2579 357 2623 326
377 2577 453 2640 (vide
465 2588 538 2640 eaput
552 2579 581 2624 31
597 2576 661 2640 pr.)
676 2579 768 2624 Contra

257 2653 333 2700 Drak.
346 2653 435 2716 probat
448 2655 579 2701 lectionem
601 2671 665 2701 nono
685 2671 766 2712 anno,

259 2732 315 2794 quia
327 2731 380 2777 baeo
400 2732 534 2795 reperiatur
550 2734 576 2779 in
593 2733 689 2780 duobus
706 2734 768 2780 Mas

259 2811 340 2856 Oxou.
347 2843 354 2866 ‚
361 2821 385 2856 et
394 2811 470 2869 major
479 2813 511 2858 sit
518 2811 652 2859 similitudo
660 2811 723 2858 inter
730 2813 768 2858 nt

259 2889 441 2951 etV11,quam
453 2889 517 2936 inter
530 2891 555 2936 X
573 2901 597 2937 et
613 2891 677 2947 VII,
689 2907 767 2954 neque

258 2965 341 3014 Livius
346 2967 471 3030 utriusque
477 2969 535 3014 anni
540 2969 642 3017 extremi
649 2970 767 3016 rationem

259 3045 386 3104 habuerit,
400 3058 465 3094 uerte
480 3063 531 3094 non
549 3050 578 3106 3,
597 3050 642 3106 30,
656 3049 698 3095 ubi
715 3065 768 3096 non

259 3123 376 3171 tricesimo
388 3127 501 3188 septimo,
516 3127 559 3173 sed
572 3126 691 3174 tricesimo
697 3139 767 3175 ¹sento

259 3217 324 3248 anuo
337 3219 351 3250 a
366 3204 452 3266 primis
465 3204 570 3251 tribunis
587 3205 666 3268 plebis
683 3206 767 3254 decem

249 3294 250 3298 ’
260 3292 354 3329 creatos
361 3297 412 3329 esse
419 3282 516 3330 dixerit.
527 3283 563 3331 cf.
573 3283 604 3330 ad
613 3287 766 3345 xxxvnl,

262 3359 348 3416 52,n.
364 3362 620 3420 a;eth11‚10‚n.
637 3364 660 3412 5.

294 3441 318 3486 8.
337 3437 442 3504 Quidom
455 3441 568 3497 annales,
583 3441 765 3506 oelntfuuesti‚

261 3519 366 3577 funesto,
376 3535 419 3566 seu
428 3521 503 3582 pestis
512 3531 623 3586 tempore
630 3523 724 3586 scripti,
730 3525 768 3570 vel

259 3599 322 3646 nihil
334 3599 385 3646 lere
398 3609 487 3661 praeter
503 3599 588 3647 funera
605 3612 629 3647 et
642 3600 770 3648 hominum

261 3689 329 3741 peste
351 3677 535 3742 absumptorum
558 3679 657 3727 nomina
675 3697 767 3728 memo-

261 3769 349 3806 rantes.

296 3851 320 3896 9.
335 3837 427 3884 Tertius
440 3837 472 3884 ab
485 3839 612 3886 consulatu
627 3838 705 3895 Cossi,
721 3850 770 3897 etc.¹

259 3913 356 3961 Novam
364 3917 447 3964 Livius
456 3917 526 3964 affert
536 3920 712 3979 conjecturam,
722 3935 769 3981 qua

261 3992 389 4056 opiniones
397 3995 498 4044 diversae
506 3997 632 4045 conciliari
640 3997 704 4044 forte
713 4012 769 4061 pos-

261 4071 322 4129 sint,
335 4083 359 4119 et
369 4073 396 4120 in
406 4075 506 4137 gratiam
515 4077 620 4138 Augusti
630 4093 710 4124 veram
719 4077 768 4123 ani-

261 4149 295 4198 mi
307 4151 345 4198 sui
360 4154 503 4202 sententiam
519 4154 666 4204 obscuritate
680 4155 768 4205 verbo·

812 2501 832 2546 si
843 2500 951 2562 magistri
961 2499 1084 2561 equitum,
1097 2497 1187 2543 virtute
1199 2495 1257 2542 victi
1267 2505 1316 2540 sunt

812 2577 845 2642 (v.
854 2594 875 2623 e.
885 2576 983 2640 3134).
991 2579 1031 2623 Ea
1041 2577 1117 2622 libera
1126 2573 1265 2636 conjectura
1274 2583 1315 2627 est,

812 2669 864 2700 non
880 2655 953 2701 certis
966 2653 1057 2701 finibus
1075 2651 1264 2716 comprehensa,
1282 2650 1317 2698 rel

809 2733 881 2792 justis
904 2732 1060 2792 conjectandi
1079 2731 1173 2793 legibus
1193 2730 1316 2786 adstricta,

812 2811 855 2858 sed
865 2827 919 2874 quae
928 2813 1038 2874 quamvis
1049 2811 1192 2874 opinionem
1202 2809 1275 2856 nullis
1283 2807 1317 2854 fir

811 2891 939 2938 momentis
948 2891 1077 2938 subnixam
1086 2889 1162 2935 libere
1172 2889 1265 2951 arripit.
1276 2887 1318 2935 Sed

812 2961 894 3017 malim
904 2970 957 3017 hac
976 2970 1050 3016 rerba
1070 2968 1157 3015 eodem
1175 2984 1247 3015 sensu
1261 2966 1317 3014 acei-

811 3066 882 3113 pere,
892 3065 941 3112 quo
951 3065 1005 3112 sup.
1018 3048 1100 3094 Livius
1110 3047 1188 3094 dixit:
1202 3047 1256 3094 baec
1265 3061 1318 3110 quo-

812 3145 859 3190 que
868 3127 1014 3176 existimatio
1023 3126 1155 3173 eommunis
1164 3125 1272 3172 ormiibus
1279 3136 1317 3170 est·

812 3207 876 3254 Nam
896 3207 942 3253 ista
958 3217 1023 3253 certe
1040 3207 1193 3266 conjectura,
1209 3206 1255 3252 etsi
1272 3219 1318 3251 non

811 3302 880 3343 vera,
892 3297 974 3333 tamen
982 3284 1060 3348 priori
1069 3283 1223 3348 probabilior
1236 3295 1286 3341 est;
1298 3294 1319 3329 et

812 3363 846 3411 sie
860 3365 945 3411 melius
959 3363 1096 3421 cohaerent,
1111 3379 1164 3426 qute
1176 3373 1318 3424 sequuntur,

812 3443 948 3506 quibusque
957 3443 1049 3500 Livius,
1058 3452 1139 3506 spreta
1149 3453 1259 3489 veterum
1267 3441 1320 3488 scri-

813 3534 912 3586 ptorum
930 3524 1180 3584 auotoritate‚,quam
1198 3533 1279 3568 tamen
1298 3531 1320 3566 et

815 3618 900 3666 supra,
913 3615 937 3651 et
949 3603 1006 3650 infr·
1019 3617 1071 3666 esp.
1090 3601 1121 3647 32
1140 3611 1257 3662 sequutus
1271 3611 1319 3656 est,

814 3682 897 3744 gratiae
910 3682 1015 3746 Augusti
1028 3679 1153 3744 captandae
1166 3695 1252 3737 carisa,
1271 3681 1320 3739 ejus

813 3762 973 3819 sententiam,
986 3775 1059 3823 supra
1070 3758 1236 3822 propositam,
1251 3757 1320 3804 unice

811 3840 916 3904 probare
925 3838 1035 3886 videtur:
1047 3837 1106 3893 Sed,
1117 3849 1145 3884 ut
1152 3853 1196 3900 ego
1206 3836 1317 3891 arbitror,
1328 3861 1331 3870 ν

812 3936 896 3976 vana,
912 3933 966 3981 quae
982 3917 1090 3964 veritatis
1103 3915 1202 3979 quidem
1217 3915 1320 3978 aliquam

813 3999 918 4062 speciem
937 3996 1045 4054 babent,
1065 3995 1108 4042 sed
1125 3995 1185 4042 falsa
1204 4005 1261 4041 sunt
1271 3986 1283 4052 ,’
1296 3992 1318 4038 iu

813 4092 893 4123 omnes
904 4073 1027 4138 opiniones
1035 4089 1137 4122 uersare
1143 4085 1167 4122 et
1175 4083 1258 4137 aptare
1269 4071 1320 4120 licet

812 4153 850 4220 (ut
863 4155 913 4204 lere
923 4170 977 4219 sup.
990 4157 1015 4214 1,
1028 4154 1076 4212 58,
1092 4169 1191 4202 uersare
1202 4153 1226 4202 in
1240 4169 1318 4204 omues
