2828 4968
136 465 257 566 llll:
378 483 541 552 uranu
571 481 638 550 lv.
672 480 780 550 car.
813 483 905 551 vn.
1130 513 1173 588 19

111 605 207 677 domi
226 625 354 702 pacem
380 603 488 675 etiarn
511 599 596 672 foris
615 600 781 698 praebuit.
804 607 913 694 Sunt,
934 608 998 703 qui
1023 626 1174 710 propter

111 717 291 812 adjectum
300 719 498 812 AEquorum
507 713 797 812 Volscorumque
806 714 904 786 bello
916 731 952 789 et
962 719 1173 794 Ardeatium

112 826 305 898 defectioni
318 827 439 898 veiens
455 824 612 913 bellurn,
626 827 713 921 quia
732 824 807 896 duo
817 828 985 900 consules
996 831 1100 905 obire
1117 848 1174 907 tot

110 937 215 1009 simul
233 936 333 1010 bella
350 939 562 1034 nequirent,
577 932 745 1008 tribunos
764 936 922 1008 militum
942 953 1015 1011 tres
1034 958 1174 1016 creatos

110 1050 230 1121 dicant
239 1103 250 1135 ,
260 1049 338 1118 sine
350 1049 537 1120 mentione
552 1045 786 1145 promulgatae
803 1046 890 1145 legis
903 1047 949 1120 de
964 1053 1175 1126 consulibus

109 1156 274 1230 c'reandis
295 1183 340 1228 ex
365 1157 487 1255 plebe,
500 1171 538 1228 et
552 1159 706 1256 irnperio
722 1170 759 1228 et
781 1158 982 1255 insignibus
1008 1165 1197 1236 consula·'

109 1268 207 1342 ribus
228 1291 325 1340 usos.
355 1273 442 1342 Non
458 1282 579 1339 tamen
600 1277 697 1366 pro²
717 1265 860 1340 firmato
880 1270 954 1364 jam
975 1274 1073 1344 stetit
1097 1299 1175 1347 ma-

106 1382 275 1478 gistratus
294 1381 372 1476 ejus
384 1381 462 1474 jus;
481 1381 569 1477 quia
587 1379 693 1450 tertio
707 1401 850 1468 mense,
865 1405 975 1476 quarn
991 1383 1173 1478 inierunt,

109 1515 290 1589 augurum
315 1491 481 1579 decreto,
510 1491 662 1588 perinde
688 1513 729 1562 ac
755 1491 844 1561 vitio
875 1494 1005 1582 creati,
1033 1494 1175 1570 honore

109 1599 230 1672 abiere
241 1628 258 1688 ;‚
271 1601 373 1698 quod
391 1605 432 1672 C.
455 1596 646 1690 Curtius³,
668 1603 732 1696 qui
754 1601 907 1672 comitiis
928 1627 1054 1674 eorum
1085 1631 1175 1704 prae-

108 1709 245 1798 fuerat,
255 1733 384 1808 parum
396 1724 494 1782 recte
504 1707 778 1781 tabernaculum
795 1713 959 1809 cepisset.
970 1717 1118 1813 Legatit
1128 1717 1175 1790 ab

107 1822 225 1894 Ardea
240 1827 393 1894 Romam
404 1835 605 1909 venerunt,
619 1823 668 1892 ita
681 1821 727 1893 de
740 1823 873 1918 injuria
887 1840 1099 1920 querentes,
1112 1843 1174 1922 ut,
1212 1907 1214 1912 ,

107 1934 138 2002 si
155 1931 365 2006 demeretur
379 1957 439 2022 ea,
457 1935 497 2003 in
515 1931 652 2005 foedere
666 1949 776 2031 atque
796 1935 952 2006 amicitia
965 1959 1175 2031 mansuros,

106 2045 276 2115 restituto
299 2067 407 2142 agro,
426 2059 627 2143 appareret.
648 2044 702 2116 Ab
721 2059 849 2116 senatu
865 2067 1080 2143 responsum
1095 2063 1175 2141 est,

99 2153 287 2249 judicium
290 2154 430 2252 populi
440 2155 595 2228 rescindi
609 2156 657 2225 ab
673 2171 799 2226 senatu
815 2181 891 2227 non
897 2181 1020 2254 posse,
1031 2175 1177 2254 praeter·

107 2287 222 2360 quam
246 2264 351 2362 quod
371 2264 474 2335 nullo
494 2290 559 2336 nec
580 2263 752 2362 exemplo
773 2289 839 2335 nec
851 2267 941 2359 jure
949 2267 1077 2363 fieret,
1095 2293 1176 2341 con·

110 2373 243 2446 cordia
261 2381 371 2446 eriam
388 2374 559 2446 ordinum
581 2399 716 2445 causa:
735 2380 769 2444 si
786 2375 963 2446 Ardeates
982 2375 1075 2448 sua⁵
1090 2393 1176 2450 tem·

105 2509 205 2581 pora
215 2503 425 2586 exspectare
436 2485 563 2572 uelint,
581 2483 840 2582 arbitriumque
851 2493 994 2556 senatui
1011 2486 1176 2563 levandae

1 2655 2 2662 ,
106 2597 250 2688 injuriae
264 2620 342 2667 suoe
350 2603 578 2694 permittant,
587 2597 692 2688 fore,
713 2611 755 2664 ut
761 2593 956 2691 postmodo
969 2597 1174 2694 gaudeant,
1247 2671 1249 2680 ,

107 2731 148 2778 se
173 2712 238 2776 ἱνα)
264 2708 492 2795 moderatos;
510 2712 697 2802 sciantque
709 2757 720 2790 ,
745 2705 913 2776 Patribus
940 2729 1048 2803 arque
1079 2733 1176 2781 curce

95 2817 232 2910 fiu'sse‘,
250 2841 389 2914 nequa
407 2817 543 2912 injuria
558 2821 596 2885 in
613 2839 673 2885 eos
690 2820 850 2898 oriretur,
868 2837 913 2886 ac
929 2839 975 2884 ne
992 2833 1073 2887 orta
1091 2818 1175 2889 diu-

106 2923 218 2998 tuma
235 2941 333 2998 esset.
358 2933 412 3000 Ita
439 2928 564 3025 legati,
584 2949 699 3024 quum
726 2949 763 2996 se
789 2949 867 2994 rern
888 2927 1064 3023 integram
1085 2929 1176 2999 rela-

104 3053 211 3109 turos
229 3038 424 3127 dixissent,
449 3039 600 3110 comiter
620 3036 764 3106 dimissi.
785 3036 948 3126 Patricii,
964 3059 1080 3133 quum
1100 3041 1177 3111 sine

106 3147 226 3218 curuli
246 3151 455 3248 magistratu
475 3145 685 3244 respublica
710 3159 819 3233 esset,
842 3146 980 3236 coiere,
1003 3162 1038 3218 et
1065 3149 1179 3222 inter-

104 3281 232 3354 regem
255 3281 448 3330 creavere:
474 3258 683 3343 contentio,
709 3255 942 3345 consulesne,
969 3283 1015 3331 an
1039 3259 1178 3332 tribuni

104 3370 264 3441 militum
277 3383 501 3460 crearentur,
516 3370 555 3438 in
566 3367 776 3465 interregno
788 3391 866 3438 rem
882 3366 959 3438 dics
974 3370 1178 3467 complures

143 3564 168 3596 a.
183 3551 233 3598 Pm
241 3547 347 3616 sinuato
361 3545 428 3595 stetit
433 3546 490 3612 jus,
505 3555 620 3607 tanquam
662 3544 710 3591 ooli
723 3543 846 3592 habehant
859 3554 884 3592 et
899 3559 947 3609 pro
959 3543 1032 3593 libito
1046 3549 1174 3596 commini-

104 3625 238 3675 flrmatum.
252 3627 325 3676 Conf.
337 3627 368 3674 ad
379 3628 420 3684 ΙΙ,
435 3641 458 3686 7,
470 3639 495 3670 n.
506 3629 530 3677 4.
538 3649 572 3658 -
581 3622 621 3668 Vi·
664 3623 803 3688 scebantur.

105 3705 142 3754 tio
156 3705 247 3764 creati,
262 3706 319 3754 vide
329 3706 363 3754 ad
373 3706 406 3763 V,
418 3717 459 3763 17,
472 3718 497 3750 u.
508 3709 533 3756 4.
701 3709 725 3756 l.
743 3701 830 3766 Legati
842 3703 874 3749 ab
891 3701 976 3749 Ardea
988 3703 1091 3749 Romam
1103 3721 1177 3753 uene-

145 3787 169 3834 3.
180 3786 207 3834 C.
220 3785 328 3842 Curtius,
342 3783 429 3832 consul
440 3779 507 3846 (vide
517 3795 572 3842 cap.
584 3778 620 3845 1),
665 3791 735 3838 rum,
749 3795 772 3828 v.
787 3779 819 3826 ad
830 3781 871 3838 X,
887 3787 932 3838 14,
948 3795 973 3826 ιι.
985 3795 1014 3838 a,
1027 3791 1052 3827 et
1062 3783 1177 3845 xxvrt,

99 3881 196 3931 parum
208 3875 285 3920 recte,
301 3863 402 3922 vitiose,
414 3872 500 3910 contra
512 3857 622 3922 discipli·
667 3858 695 3915 5,
706 3873 732 3904 n.
747 3859 866 3912 4.--1ια
881 3856 953 3920 (vide
964 3857 1033 3916 adl,
1047 3873 1087 3918 17,
1100 3877 1126 3908 n.
1142 3863 1177 3932 5)

105 3961 165 3993 nam
177 3943 331 4009 auguralem,
350 3941 533 3990 tabernaculum
546 3937 622 4001 cepis·
665 3936 696 3982 de
707 3935 798 4000 injuria
810 3937 946 3999 querentes,
961 3934 991 3982 de
1002 3952 1049 3999 qua
1059 3939 1116 3988 vide
1124 3941 1177 4005 111,

105 4037 155 4081 set,
169 4025 226 4072 vide
236 4025 269 4071 ad
280 4023 345 4082 t‚6‚
358 4039 383 4069 n.
397 4029 426 4082 l,;
437 4032 462 4069 et
475 4019 561 4068 confer
569 4017 621 4066 Cic.
667 4030 712 4076 71,
722 4031 748 4062 ιι.
764 4029 805 4074 7²·

107 4103 140 4151 de
153 4103 210 4152 Div.
225 4105 251 4162 1,
268 4118 296 4163 17
307 4119 315 4166 ς
327 4103 368 4160 11,
383 4101 429 4162 353
442 4099 474 4148 de
485 4097 543 4148 Nat.
555 4099 622 4145 Deo·
703 4093 726 4143 t.
736 4094 786 4140 Sua
795 4105 903 4158 tempora
912 4105 1066 4157 exspectare,
1080 4099 1136 4148 vide
1145 4101 1177 4150 ad

105 4183 326 4242 rum,lib.rr,n.
344 4181 623 4228 roct11.Haeautem
666 4178 691 4234 I,
706 4173 792 4233 56,n.
810 4174 931 4221 10.—Se
944 4188 994 4220 rem
1007 4173 1126 4242 integram
1139 4179 1190 4228 nu*

107 4273 170 4310 artes
187 4273 258 4312 erant
270 4259 446 4326 patriciorum,
458 4259 502 4323 qui
515 4257 623 4323 auspicia
666 4253 771 4311 laturos,
788 4253 845 4302 vide
857 4253 889 4302 ad
900 4255 937 4311 ll,
951 4251 979 4310 5,
991 4269 1016 4302 n.
1032 4271 1053 4302 1.
1162 4248 1168 4268 ‘

939 4365 977 4406 2.
