2828 4968
109 441 299 544 ltltlisslll:
338 463 489 531 sinna
521 465 588 534 iv.
623 463 728 532 csr.
764 464 889 530 xxv.
1105 459 1150 534 53

83 585 183 656 ribus
209 610 380 681 agrorum
397 587 565 655 timentes
587 587 626 654 iu
647 585 825 654 Etruriam
843 583 1150 679 Pomptinumque

85 721 210 794 agrum
235 711 273 766 et
292 699 441 784 Cumas,
459 711 643 792 postremo
663 696 701 764 in
727 694 881 764 Siciliam
904 717 1053 790 quoque
1075 691 1151 762 fru-

83 809 198 878 menti
223 830 330 878 causa
353 808 481 878 misere
505 834 513 874 ε
538 805 781 877 consularium
806 804 1034 874 comitiorum
1053 802 1152 874 nulla

83 919 222 996 mentio
240 915 362 988 habita
376 932 439 988 est.
453 891 604 986 Tisouni
613 916 770 986 militum
782 914 962 985 consulari
975 927 1152 1012 potestate

84 1051 212 1097 omnes
228 1028 370 1124 patricii
383 1029 491 1098 creati
506 1041 601 1097 sunt.
615 1032 653 1096 L.
669 1025 831 1095 Pinarius
845 1026 1149 1110 Mamercinus,L.

83 1137 479 1225 FuriusMcdullinus,
500 1141 562 1234 Sp.
589 1137 794 1208 Postumius
820 1133 944 1206 Albus.
977 1138 1030 1204 Eo
1056 1158 1153 1204 anno

84 1249 133 1320 vis
147 1247 271 1320 morbi
285 1249 418 1336 levata,
437 1273 557 1345 neque
569 1273 589 1318 a
603 1250 757 1345 penuria
767 1245 957 1334 frumenti,
969 1247 1055 1342 quia
1069 1259 1152 1316 ante

83 1359 272 1455 'provisum
294 1375 387 1446 erat,
410 1359 612 1456 periculum
629 1357 707 1428 fuit.
733 1357 891 1428 Consilia
909 1355 955 1427 ad
974 1357 1154 1428 movenda

82 1467 179 1538 bella
195 1471 234 1538 in
247 1470 461 1541 Volscorum
475 1473 747 1565 AEquorumque
759 1467 935 1552 conciliis,
950 1479 986 1536 et
1000 1467 1038 1534 in
1051 1469 1153 1535 Etru·
1192 1549 1199 1564 ,

84 1579 136 1648 ria
149 1579 198 1650 ad
212 1590 226 1620 ²
242 1578 364 1650 fanum
386 1581 613 1668 Voltumnae,
628 1581 757 1676 agitata
774 1605 781 1646 ι
797 1577 849 1648 ibi
865 1575 1012 1673 prolatae
1031 1577 1070 1644 in
1089 1599 1153 1645 an-

84 1712 174 1758 num
189 1713 262 1777 res,
278 1689 499 1786 decretoque
510 1705 675 1778 cautum,
692 1687 849 1784 nequod
861 1700 944 1758 ante
959 1686 1152 1757 concilium

83 1796 208 1886 fieret,
234 1798 481 1894 nequidquam
503 1801 644 1869 veiente
664 1797 804 1895 populo
827 1809 1030 1891 querente,
1055 1819 1153 1866 eam-

84 1905 187 1992 dem,
203 1931 276 2001 qua
296 1911 321 1974 F
324 1906 438 1978 idenae
456 1906 582 1978 deletae
603 1909 692 1994 sint,
717 1907 905 1976 imminere
922 1905 1019 1976 Veiis
1037 1902 1152 1976 sortu-

84 2041 179 2086 nam.
196 2017 347 2086 Interim
364 2021 488 2088 Romae
497 2019 678 2114 principes
693 2016 826 2113 plebis,
841 2015 913 2110 jam
925 2017 988 2086 diu
998 2015 1155 2112 nequid»

87 2149 198 2220 quam
220 2123 478 2202 imminentes³
498 2129 575 2224 spei
595 2127 742 2220 majoris
763 2126 1041 2213 honoris,·dum
1068 2125 1155 2196 foris

86 2237 203 2337 otiupr
229 2250 347 2320 esset,
371 2239 514 2310 coetusl,
528 2237 689 2308 indicere
710 2237 750 2304 in
771 2236 898 2306 domos
922 2235 1154 2306 tribunorum

85 2342 224 2441 plebei,
239 2343 291 2416 ibi
309 2360 445 2416 secreta
468 2337 618 2416 consilia
633 2347 766 2440 agitare
785 2371 792 2412 :
809 2345 931 2440 queri,
950 2369 988 2415 se
1003 2369 1028 2414 a
1040 2343 1155 2440 plebe

86 2455 181 2526 adeo
197 2471 351 2553 spretos,
368 2473 421 2543 ut,
443 2481 558 2554 quam
571 2481 640 2554 per
655 2471 707 2528 tot
723 2465 840 2526 annos
851 2455 987 2524 tribuni
1001 2453 1155 2526 militum

85 2567 270 2642 consulari
276 2582 458 2664 potestate
472 2582 649 2657 creentur,
665 2565 760 2636 nulli
772 2590 936 2662 unquam
939 2564 1090 2662 plebeio
1105 2565 1159 2635 ad

84 2702 167 2757 eum
188 2675 365 2746 honorem
388 2677 509 2747 aditus
515 2679 633 2770 fuerit
647 2703 657 2744 :
672 2666 832 2752 ¹multum
846 2673 1051 2772 providisse
1070 2700 1155 2746 suos

84 2788 258 2880 majores,
280 2794 347 2883 qui
367 2792 547 2872 caverint,
570 2811 615 2868 ne
639 2790 864 2882 cuipatricio
878 2784 1015 2882 plebeii
1038 2790 1155 2879 magi·

83 2912 215 2966 stratus
225 2910 413 2992 pateream
430 2893 518 2977 aut⁵
526 2901 704 2994 patricios
721 2893 907 2964 habendos
910 2897 1031 2984 fuisse
1045 2895 1153 2966 tribu·

83 3030 146 3075 nos
153 3004 302 3101 plebei:
320 3005 414 3076 adeo
430 3010 545 3076 seruis
559 3010 668 3078 etiam
677 3005 823 3076 sordere
831 3057 841 3089 ,
861 3028 928 3076 nec
937 3030 961 3074 a
965 3004 1080 3100 plebe
1091 3011 1153 3075 mi-

84 3139 151 3189 nus
159 3167 169 3200 ,
189 3139 303 3210 quam
317 3140 342 3184 a
347 3115 518 3210 patribus
531 3121 712 3185 contemni
717 3113 729 3182 l
743 3115 811 3185 Alii
821 3137 975 3210 purgare
989 3113 1153 3212 plebem,

85 3226 229 3322 culpam
243 3225 281 3294 in
294 3239 413 3322 patres
427 3239 586 3296 vertere:
600 3250 723 3304 eorum
735 3223 930 3304 ambitione
946 3225 1154 3323 artibusque

9 3327 10 3336 ¹
75 3335 178 3434 fieri,
193 3350 236 3404 ut
246 3335 437 3430 obseptum
442 3334 547 3430 plebi
554 3341 598 3406 sit
610 3335 663 3406 ad
671 3335 846 3406 honorem
858 3341 933 3406 iter.
946 3341 989 3408 Si
987 3335 1095 3432 plebi
1105 3361 1155 3406 re-

81 3526 416 3590 ficientibusanteeulteribus
426 3527 545 3576 excidisse
551 3545 597 3594 pu·
643 3527 718 3578 ouum
726 3541 772 3588 est,
787 3545 885 3594 quum..
894 3565 899 3576 .
907 3529 1068 3579 essetemend:
1076 3533 1155 3579 Gron.

84 3605 150 3654 abst
159 3605 372 3666 neuim-*Cujus
378 3605 523 3670 opinionem
531 3623 599 3654 secu·
679 3617 703 3665 I.
717 3610 795 3656 Coetus
809 3609 914 3656 indicere
926 3608 986 3670 (Isin
1001 3608 1153 3666 bescbeiden,

85 3690 123 3731 tus
133 3696 171 3734 est
181 3685 324 3733 Creverius:
336 3701 416 3749 neque
430 3683 599 3750 mirum'pror-
644 3687 773 3748 bertelleu)
783 3687 808 3734 in
819 3687 903 3734 domos
914 3687 1063 3734 tribunorum
1068 3686 1156 3752 plebis.

85 3777 125 3810 sus
144 3763 284 3822 rideretur,
304 3765 325 3812 si
344 3763 472 3829 deperdita
489 3779 537 3811 rma
558 3775 599 3812 aut
643 3765 738 3823 cam,
751 3781 830 3824 ιω.
843 3781 866 3824 ῐ;
879 3767 971 3823 v1,22
986 3777 1047 3814 extr.
1059 3767 1096 3824 X,
1108 3765 1155 3830 383

85 3841 157 3890 alters
171 3857 241 3890 vox:
256 3843 387 3907 absumptis
400 3843 515 3891 auctaas*
524 3844 600 3891 auito·
643 3845 773 3901 XXXIII,
790 3845 818 3901 ³,
835 3851 864 3901 43
879 3845 939 3902 XL,
955 3859 1002 3903 ²¹3
1017 3843 1093 3902 XLI,
1111 3852 1155 3904 143

87 3920 151 3968 ribus
164 3937 289 3986 agrorum.
300 3923 345 3969 En.
644 3921 742 3979 XLIII,
760 3937 782 3967 1.
799 3920 915 3967 Similiter
929 3922 981 3968 iere
994 3921 1093 3970 colonos
1110 3923 1156 3971 ad*

121 4016 146 4047 2.
158 4000 203 4047 Ad
204 3999 299 4066 fanum
311 4001 460 4059 Voltumnae,
472 3999 524 4049 vid.
534 4001 566 4048 ad
576 4017 601 4048 c.
645 4000 746 4048 seribere
761 3997 905 4056 Venusiam,
922 4009 969 4047 ete.
984 4001 1088 4061 XXXI,
1104 4009 1137 4064 49
1149 4020 1155 4063 ;

93 4081 140 4138 23,
150 4096 175 4126 n.
187 4079 211 4126 ⁵.
646 4080 763 4138 XXXII,
776 4093 804 4139 73
817 4079 942 4137 XXXIV,
952 4087 982 4135 Ia
991 4095 998 4139 ;
1008 4081 1118 4141 XXXV,
1130 4097 1154 4145 9.

124 4158 148 4204 3.
158 4157 313 4205 Imminentes
321 4158 373 4222 spei
380 4159 481 4224 nsajoris
488 4158 585 4207 bonor-b
590 4193 598 4216 ,
682 4158 705 4205 5.
722 4159 786 4215 Aut,
802 4157 925 4222 alloquin,
936 4158 1056 4222 parrs'eios
1066 4159 1156 4209 baben·

89 4235 145 4284 vide
160 4237 192 4284 ad
206 4239 258 4296 111,
272 4237 318 4297 51,
331 4253 357 4285 n.
374 4239 396 4285 3.
409 4265 445 4276 --
457 4240 522 4287 Dum
531 4237 599 4304 foris
646 4236 784 4304 dosffiisrr,
796 4247 843 4286 ete.
